3034 4828
276 311 375 386 1164
660 293 1017 390 aauorsrmraa

277 481 415 562 clypeum
431 475 526 541 alatus
540 477 664 540 Kalend.
681 476 820 539 Decemh.
835 497 912 538 enno
925 477 1080 544 MCCLIX.
1091 489 1252 553 coronatus
1262 499 1338 542 vero
1348 481 1420 544 Kal.

276 570 394 630 Ianuar.
411 587 489 626 anno
504 567 645 626 MCCLX.
658 573 692 624 nt
705 566 783 624 infra
800 573 969 626 annotatur.
1013 585 1146 626 nccare.

364 655 434 732 Peg.
455 653 513 728 78,
537 656 585 716 18.
631 646 727 712 Oh'nos
761 642 792 711 d'
818 643 887 722 ὅλος
916 643 1090 729 ἀπηρτίζετο
1119 645 1197 730 μήν]
1242 647 1422 710 Μὶοὶιοὲἰοω

277 737 487 814 Palaeologum
511 737 548 794 ab
567 735 694 796 Araenio
713 733 856 794 Kalendis
883 733 958 814 ipsis
980 735 1126 794 Ianuariis
1148 743 1326 796 coronatum
1355 755 1423 795 ease

278 822 377 883 tradit
392 821 570 900 llucangius.
600 821 748 897 Gregorae
761 829 939 880 coronatum
955 819 998 878 ait
1014 817 1143 880 nondum
1163 834 1225 880 roto
1244 842 1340 898 mense
1354 817 1423 879 elo-
1495 833 1496 846 l

275 927 331 990 pao
345 915 414 986 post
428 907 603 986 praestitum
619 904 841 965 iusiurandum:
862 905 988 984 proinde
1007 915 1075 964 ante
1093 905 1243 964 Kalendae
1263 905 1423 964 laasuarias

279 1000 454 1050 coronatum
470 991 567 1073 ponit.
608 991 684 1050 Nam
700 989 908 1050 iusiurandum
929 989 1072 1050 Kalendis
1087 989 1299 1050 Decembribus
1326 1009 1423 1069 prae·

281 1077 383 1136 atitum
404 1096 468 1136 ease
489 1076 566 1136 dixit
589 1075 682 1156 paulo
702 1095 802 1154 supra.
846 1071 1042 1154 Paclrynserea
1062 1074 1114 1134 lib.
1134 1075 1170 1138 Il.
1193 1095 1258 1154 cap.
1279 1074 1329 1136 tv.
1347 1073 1424 1136 ἕνα·
1496 1112 1497 1166 7

278 1163 466 1242 τομβαιῶνος
479 1163 631 1246 anormala
645 1159 852 1220 iusiurandum
871 1162 1063 1238 praestitum,
1087 1160 1302 1240 proclamatum
1321 1161 1423 1239 impe-
1496 1183 1497 1194 ¹

278 1257 424 1320 retorem,
448 1256 478 1306 et
498 1247 606 1325 clypeo
626 1245 817 1324 impositum,
841 1243 955 1306 scribit.
999 1246 1042 1304 lle
1066 1245 1170 1304 eodem
1191 1254 1336 1304 coronato
1357 1245 1424 1322 agit

278 1332 311 1391 in
329 1331 478 1410 capitibus
498 1330 700 1410 sequentibus.
741 1331 884 1390 Porsinna
898 1349 972 1390 vero
994 1329 1234 1410 ἑκατομβαιῶνος
1248 1332 1423 1408 νουμηνίαν

277 1415 429 1476 Kalendas
439 1417 590 1476 lanuarias
604 1416 827 1494 interpretatur,
849 1422 939 1492 atque
955 1415 1106 1496 adaopoat
1119 1417 1185 1480 Kal.
1200 1415 1355 1476 Ianuarias
1371 1435 1422 1474 co·

278 1511 418 1562 renatum
436 1503 645 1582 imperatorem
664 1509 760 1580 putat.
803 1501 848 1560 Ita
868 1498 1058 1577 chronologis
1079 1501 1154 1562 male
1167 1501 1246 1562 inter
1259 1521 1291 1560 sa
1303 1519 1423 1560 conve-

278 1587 332 1650 nit.
361 1586 423 1666 Ego
442 1586 626 1664 Ducangium
648 1593 799 1644 auctorem
814 1593 949 1660 secutus,
973 1586 1109 1646 coronati
1127 1585 1283 1646 Michaelis
1296 1585 1423 1644 Palaeo-

278 1671 338 1750 logi
357 1669 467 1730 annum
488 1671 575 1752 posui
599 1669 740 1730 dcccx.
766 1669 948 1745 diomero,
978 1671 1129 1730 Kalendas
1151 1673 1233 1751 ipsas
1255 1669 1422 1732 lanuarias.

277 1755 435 1816 Mauritius
448 1756 546 1816 llavid
560 1755 727 1832 Palaeologi
745 1755 913 1834 inaugurati
925 1765 1045 1836 tempus
1059 1758 1200 1834 retroagit
1218 1755 1255 1815 ad
1267 1755 1421 1816 Kalendas

277 1840 394 1906 Ianuar.
416 1843 486 1901 anni
513 1841 667 1902 MCCLlX.
690 1850 720 1900 et
739 1838 818 1899 hanc
840 1860 924 1900 suam
945 1842 1092 1900 rationem
1114 1841 1216 1902 multis
1236 1841 1422 1918 argumentis

277 1925 449 2002 confirmat,
472 1946 550 2006 quae
569 1925 602 1984 in
620 1925 770 2006 praesenti
790 1945 847 1985 nec
867 1925 1006 1986 refellere
1026 1946 1083 1986 nec
1104 1927 1226 1986 omnino
1247 1925 1422 2006 approbare

274 2009 400 2072 institui.
442 2031 554 2070 rorvrr.

363 2093 434 2177 Peg·
455 2099 513 2171 79,
534 2101 564 2160 2.
605 2089 673 2156 'md
694 2097 750 2156 τοῦ
763 2093 848 2174 lepori
861 2089 1016 2176 βήματος]
1040 2094 1177 2167 Wollius,
1198 2096 1230 2156 ia
1243 2117 1331 2156 sacro
1344 2119 1421 2171 sag-

274 2191 376 2260 gessar
396 2181 627 2254 emendavimus,
650 2187 684 2238 ut
692 2189 722 2238 et
730 2179 801 2238 alibi
815 2179 869 2239 ubi
882 2179 957 2239 haec
971 2199 1035 2239 vox
1043 2182 1189 2253 occurrit,
1210 2183 1243 2240 in
1259 2201 1348 2240 sacro
1361 2179 1422 2238 Be·

275 2277 361 2324 mats.
404 2265 496 2326 Aliud
513 2265 590 2324 enim
606 2273 652 2323 eat
666 2278 818 2344 suggestae
837 2265 901 2324 sire
922 2263 1035 2340 Ambo,
1058 2265 1141 2326 aliusl
1159 2265 1254 2326 Bessan
1275 2266 1340 2324 sire
1364 2286 1422 2323 sa-

277 2350 417 2410 crarium.
460 2349 536 2410 Vide
557 2349 838 2430 Constantinopolin
858 2348 1055 2410 Christianam
1084 2351 1137 2414 lib.
1168 2352 1223 2414 111.
1254 2370 1287 2408 n.
1310 2350 1420 2410 xbtx.
1499 2408 1500 2434 7

275 2453 405 2498 numne.
1499 2459 1500 2486 a

362 2525 434 2600 Pag.
455 2521 514 2596 79,
536 2523 566 2584 3.
612 2521 660 2602 Τῷ
675 2520 820 2602 βασιλικῷ
833 2523 942 2598 scepei
951 2513 1130 2600 διαδήματι]
1153 2519 1297 2580 Kalendis
1312 2521 1421 2581 lanua·

274 2605 329 2679 rii,
354 2625 431 2663 anno
448 2603 519 2666 Chr.
534 2601 676 2664 MCCLX.
692 2603 799 2664 lndict.
816 2603 868 2664 ΙΙΙ.
880 2603 1024 2679 Nicaeae,
1045 2625 1122 2684 quae
1141 2615 1210 2684 post
1226 2615 1381 2686 receptam
1403 2627 1420 2664 a
1499 2607 1500 2700 7

273 2691 384 2750 nostris
393 2689 497 2749 urbem
509 2687 658 2769 Ῥωμαίων
671 2690 822 2768 βασίλειον
831 2688 958 2766 exstitit,
980 2699 1017 2749 ut
1031 2687 1082 2750 hic
1095 2691 1174 2749 inira
1188 2689 1239 2752 sit.
1260 2693 1307 2750 tta
1319 2693 1421 2752 Acro-
1499 2701 1500 2776 7

297 2775 377 2833 olita.
420 2793 553 2838 ancara.

273 2795 294 2856 P
360 2862 431 2940 Peg.
451 2861 511 2930 79,
533 2857 563 2921 5.
607 2861 743 2936 Araceni
755 2852 812 2934 sela
827 2849 1084 2938 αὕτοκοατορικήν
1098 2851 1213 2940 ἀρχήν]
1238 2853 1418 2936 Pachymer.

273 2939 327 3005 lib.
346 2939 383 3000 ll.
405 2961 470 3022 cap.
486 2941 521 3005 ll.
547 2939 696 3002 Phranzes
716 2941 768 3003 lib.
786 2941 810 3001 l.
831 2962 896 3020 cap.
917 2942 968 3002 lV.
996 2963 1079 3002 mora
1099 2944 1214 3002 scilicet
1232 2941 1421 3002 Francorum

274 3027 449 3104 observato,
472 3027 556 3106 apud
576 3047 651 3106 quos
671 3037 788 3086 tutores
811 3027 1020 3106 praediorum,
1046 3047 1123 3107 qnae
1142 3027 1285 3086 nobilium
1306 3047 1420 3105 puero·

188 3121 191 3134 '
272 3131 340 3172 rum
358 3114 470 3173 tutelae
488 3132 559 3170 suas
583 3113 809 3174 commissorum
830 3122 929 3186 erant,
960 3113 1095 3172 dominos
1117 3133 1181 3173 sese
1201 3111 1419 3183 inscribebant,

273 3195 369 3258 donec
388 3197 412 3258 ii
431 3216 503 3258 auae
525 3199 629 3256 aetatis
650 3197 771 3257 fierentr
802 3195 889 3256 ouius
915 3197 1034 3274 quidem
1057 3197 1146 3257 moris
1168 3195 1248 3256 haud
1274 3197 1421 3276 cuparii

273 3281 444 3362 exemplum
466 3279 623 3358 dederant,
654 3281 727 3342 dum
746 3281 894 3340 Balduino
915 3281 953 3340 ll.
979 3281 1080 3340 adhuc
1100 3281 1249 3360 impuberi
1274 3282 1421 3342 loannem

271 3365 483 3426 Briennensem
498 3365 641 3424 Comitem
663 3387 703 3425 ex
721 3385 791 3441 rego
816 3365 1088 3442 Hierosolymitano
1109 3377 1240 3426 tutorem
1259 3367 1423 3446 praesece-

270 3459 353 3526 rant‚
376 3471 410 3512 ea
425 3451 491 3528 lege
510 3459 544 3508 ut
560 3447 660 3528 quoad
673 3451 840 3510 Balduinus
858 3471 895 3510 ex
917 3450 1042 3530 ephebia
1055 3452 1229 3524 excederet,
1251 3453 1422 3530 imperato-

270 3535 316 3592 ria
332 3534 477 3612 dignitate
496 3533 662 3594 frueretur:
688 3535 801 3616 dequo
823 3535 904 3614 apud
924 3545 1044 3596 unauna
1065 3557 1148 3596 more
1169 3537 1261 3596 multa
1283 3537 1423 3596 diximus

270 3619 304 3677 in
319 3615 397 3680 Hiar.
412 3619 727 3697 Franco-Byzantina
745 3621 796 3682 lib.
816 3621 868 3682 Ill.
885 3641 913 3684 n.
929 3619 993 3678 XV.
1012 3629 1042 3682 ct
1063 3620 1095 3682 in
1111 3621 1207 3682 Closs.
1224 3621 1304 3684 med.
1319 3623 1421 3683 Latin.

270 3703 302 3762 in
317 3722 347 3763 v.
367 3701 492 3768 Haeres.
535 3723 666 3764 nonme.

358 3791 585 3870 Pag.79,13.
626 3785 828 3873 Ἀγγὲλλονται
857 3783 954 3872 soriam
979 3784 1016 3851 sd
1041 3785 1147 3852 dressed
1174 3793 1236 3854 sois
1262 3789 1424 3872 Ῥωμαίων

268 3868 416 3954 τρόπαια]
438 3874 544 3953 Itaque
559 3891 627 3933 cum
650 3875 814 3954 imperator
833 3873 981 3934 salutatus
1003 3884 1033 3934 et
1056 3877 1166 3956 clypeo
1188 3877 1351 3955 impositus
1371 3887 1424 3936 est

269 3959 349 4038 apud
362 3958 551 4038 Magnesiam,
573 3959 705 4019 nondum
719 3957 864 4018 victoriae
876 3958 1087 4019 Macedonicae
1102 3959 1226 4020 rsuntius
1243 3961 1423 4022 advenerat.

267 4041 346 4103 ilinc
366 4045 430 4104 eiua
443 4043 587 4104 victoriae
605 4054 775 4122 reportatae
790 4053 909 4124 tempus
927 4043 1029 4122 colligi
1048 4055 1167 4124 potest,
1189 4055 1279 4124 atqua
1293 4064 1335 4104 ex
1353 4045 1424 4104 ini-

267 4127 312 4189 tio
323 4149 388 4207 cap.
402 4129 439 4191 Π.
455 4129 541 4190 iusra.
586 4147 698 4189 aorvsr.

352 4214 425 4292 rag.
443 4217 502 4283 79,
525 4211 573 4274 15.
622 4209 683 4274 To'a
705 4205 958 4292 Πελοποννήσου]
980 4212 1157 4292 Acropolita
1182 4233 1248 4293 cap.
1270 4213 1425 4274 Lxxxl.

265 4293 442 4374 Pachymer.
451 4294 502 4360 tit.
512 4295 534 4354 l·
550 4314 617 4376 cap.
630 4295 743 4361 XXXI.
752 4295 989 4360 firmarint
998 4318 1064 4380 cap.
1074 4297 1111 4360 V.
1120 4297 1290 4359 Monachus
1299 4298 1429 4360 rauna.
