2966 4826
487 323 838 396 nuuousulouus.
1119 317 1215 387 1207

171 488 244 568 Ρας.
263 487 344 556 28ίὲ
366 489 416 549 18.
459 478 618 564 Θεόδωρον
629 479 686 546 τὸν
699 475 772 544 otia
787 475 884 564 αὐτῆς
899 477 954 556 cela
975 475 1131 561 δαίτερον]
1154 483 1216 542 Pri·

85 592 134 632 mo
153 571 270 650 genitus
290 569 368 630 enim
385 591 422 630 ex
437 569 496 630 hoc
516 569 648 628 secundo
664 567 829 626 Andronici
854 568 992 647 coniugio
1015 568 1074 627 luit
1093 569 1215 628 loannes

85 659 228 737 Despota,
251 655 336 714 carius
349 656 442 734 paulo
463 665 531 719 anie
550 653 692 714 meminit.
734 671 865 716 occano.

171 745 240 821 Pog.
261 744 341 817 287,
366 741 416 805 15.
463 745 490 802 T
487 764 511 823 ῳ
531 735 651 818 ἄρχοντι
664 740 844 820 Πελασγῶν]
867 737 896 796 is
910 737 968 798 luit
982 738 1105 798 ioannes
1121 739 1215 818 Ange-

83 825 132 886 lus
148 827 243 884 ilucas
262 825 430 884 comnenus
449 824 567 884 ioannis
587 823 836 883 Sebastooretoris
849 823 944 900 iilius,
966 823 1082 904 dequo
1101 825 1215 902 aginam

83 910 233 971 ini'amil.
248 909 370 988 Byzant.
387 929 418 988 p.
432 915 505 976 210.
546 927 677 968 nucero.

164 999 243 1075 Pog·
264 998 342 1068 287,
363 999 414 1058 21.
459 984 813 1077 Θνγατρίτινοςὸνὸματτ
828 987 1002 1070 Σατνούία]
1026 991 1216 1071 Argentinae,

83 1079 206 1160 Opi'cini
224 1078 364 1156 Spinoiae
379 1077 457 1140 filiae
479 1079 591 1142 unicae.
625 1077 701 1140 Vide
723 1087 847 1138 stemma
864 1077 1106 1156 Palaeciogorum
1119 1080 1215 1139 Mont-

82 1163 290 1225 ierrstenaium
305 1163 339 1222 in
355 1163 459 1224 i'arnil.
474 1166 598 1244 Byzant.
615 1184 646 1243 p.
662 1164 733 1229 249.
777 1181 908 1222 uucauo.
1289 1207 1291 1213 s

166 1247 239 1328 Pag-
261 1251 339 1324 288,
360 1252 391 1311 8.
433 1247 515 1312 Ἡδὲ
527 1253 582 1312 τοῦ
599 1249 777 1326 Μαρκεσίον
793 1241 894 1326 τνίξτς]
918 1245 1012 1324 Atqui
1026 1246 1215 1308 tamenbiar·

82 1331 224 1392 ebionum
239 1332 378 1410 primitus
393 1353 497 1412 inagna
513 1355 548 1393 ac
564 1333 689 1394 illustris
703 1333 783 1412 apud
803 1332 924 1392 Latinos
941 1331 999 1390 luit
1013 1332 1157 1410 dignitas,
1179 1343 1215 1396 ut

82 1418 136 1497 qui
151 1437 310 1562 repnprppp
325 1417 680 1564 limitilppstraerssent,
701 1417 781 1478 unde
803 1417 924 1478 illorum
938 1417 1029 1478 fluxit
1047 1419 1214 1493 nomenoio,-

80 1513 159 1564 tura.
207 1523 256 1562 rs
310 1523 368 1564 ose.
386 1525 415 1564 m
457 1551 464 1566 .
504 1515 574 1564 utin.
614 1523 747 1564 nucero.

170 1589 238 1668 Peg.
258 1591 337 1663 288,
359 1591 390 1651 4·
411 1587 448 1650 ‘0
458 1587 515 1668 cela
530 1585 688 1670 βασιίατην
700 1585 830 1667 κατέχων
844 1586 992 1670 σημαίαν]
1015 1586 1073 1648 sed
1089 1597 1120 1646 et
1133 1587 1214 1668 apud

79 1673 202 1732 Latinos
222 1671 373 1748 legionum
393 1674 548 1734 ueletiam
569 1675 718 1734 exercitus
739 1673 831 1732 totius
849 1671 1009 1734 vexilliferi
1027 1670 1213 1732 hiscehionee

78 1777 232 1836 nunquam
244 1755 329 1832 dicti,
352 1757 432 1837 quod
449 1767 478 1818 et
495 1759 572 1818 inira
585 1760 705 1838 repetit.
749 1758 790 1817 ita
807 1779 896 1838 saepe
909 1766 1057 1836 nugentur
1074 1758 1214 1817 Graeculi

78 1844 132 1902 isti
146 1842 317 1920 scriptores,
330 1861 431 1902 rerum
443 1844 622 1904 nostratium
631 1842 756 1916 ‚ornnino
767 1843 863 1922 ignari
877 1863 911 1901 ac
924 1843 1063 1923 imperiti.
1084 1861 1213 1902 cunano.
1228 1897 1230 1902 .

167 1930 240 2007 Ρας.
263 1931 343 2004 288,
368 1932 418 1992 10.
462 1928 502 1991 Ol
529 1925 562 1990 oi
588 1929 735 1990 Γαλατίαν
760 1927 811 1990 καὶ
829 1923 960 2007 Ἰβηρίαν
983 1927 1035 1988 καί
1065 1925 1214 2008 Κελτικήν

77 2006 291 2092 τίπηγᾶγσντο]
324 2009 466 2073 Celticum
488 2022 576 2072 vocat
600 2033 675 2085 eam,
695 2033 772 2092 quae
794 2013 885 2090 vulgo
901 2009 1056 2073 &hiberia
1074 2023 1211 2086 vocatur,

78 2097 132 2157 vei
153 2096 253 2175 potius
274 2107 469 2176 campartem
492 2097 625 2168 Galliae,
648 2117 723 2178 quse
746 2097 906 2178 Hispaniae
920 2097 1018 2156 vicina
1035 2106 1096 2174 ατί,
1122 2095 1213 2159 Galo.

79 2183 156 2241 aiam
174 2191 271 2240 autem
286 2182 417 2260 reliquas
431 2183 546 2242 Galliae
561 2182 741 2263 provincias.
765 2183 912 2260 Gregoras
928 2181 1053 2242 iberiam
1072 2181 1109 2241 ed
1123 2183 1213 2262 Alpes

78 2267 144 2327 fere
162 2285 256 2346 usque
268 2267 418 2346 pertinere
431 2267 620 2328 existimarit.
648 2269 722 2328 Nam
737 2267 986 2342 inlralsect.l'1.)
1002 2267 1213 2328 Montislerrati

77 2349 318 2412 Marchiouatum
332 2351 550 2414 collocatinter
562 2353 652 2433 Alpes
664 2363 694 2413 et
708 2354 880 2414 inferiorem
900 2352 1035 2414 iberiam.
1055 2371 1170 2412 return.

166 2439 239 2516 Pog·
263 2441 344 2508 289,
367 2441 398 2500 8.
418 2434 452 2498 Ὁ
465 2435 498 2498 δὲ
509 2433 661 2516 Pentele]
684 2437 768 2510 Quae
782 2435 835 2496 bio
850 2437 887 2496 de
900 2438 1023 2496 Ruasiae
1035 2456 1088 2496 seu
1099 2439 1213 2496 hioseo·
1278 2501 1286 2518 ,

79 2519 149 2582 viae
163 2520 311 2600 principi,
335 2519 385 2584 tui
403 2521 563 2598 τραπέζης,
585 2541 639 2582 seu
651 2519 800 2603 dapiferi,
821 2521 936 2580 Morene
951 2541 1004 2580 seu
1017 2521 1213 2602 Peloponnesi

79 2605 218 2680 domino,
238 2604 400 2684 principis3
421 2603 621 2678 Athenarum,
643 2605 742 2683 magni
764 2604 864 2680 (lucis,
885 2605 1025 2664 Boeotiae
1044 2615 1075 2664 et
1096 2605 1213 2664 Theba-

78 2709 166 2764 rum,
188 2689 287 2765 magni
306 2689 486 2768 primicerii3
511 2711 547 2749 ac
568 2689 696 2768 denique
717 2689 851 2764 Siciliae,
880 2689 958 2767 regis
981 2711 998 2749 a
1021 2691 1212 2749 Comiantino

78 2775 187 2850 Magno
210 2773 288 2832 datis
312 2773 505 2851 dignitatibus
528 2783 743 2834 commentatur
766 2775 931 2852 Gregoras,
967 2793 1065 2834 merae
1083 2785 1153 2834 sunt
1176 2795 1212 2836 sc

81 2859 175 2919 aniles
188 2857 308 2917 omnino
328 2857 461 2938 lebuine,
487 2879 561 2938 quas
577 2859 730 2936 refellere,
752 2879 872 2939 operam
888 2868 965 2920 esset
982 2859 1096 2922 ludere.
1137 2861 1211 2920 Nam

79 2953 116 3004 ut
132 2943 170 3004 de
182 2943 305 3002 Rumina
323 2953 447 3019 taceam,
469 2965 544 3024 qnae
557 2943 662 3004 nullibi
675 2945 817 3016 occurrit,
838 2953 970 3006 caeterae
984 2965 1044 3004 non
1059 2967 1075 3004 a
1089 2945 1213 3004 Graecia

80 3027 135 3090 sed
156 3049 173 3086 a
193 3027 305 3087 Latinis
320 3038 485 3090 manarunt.
528 3030 588 3104 Qui
605 3030 684 3090 enim
705 3049 742 3088 ex
758 3029 866 3088 nostris
880 3038 950 3108 poet
971 3039 1087 3110 captam
1109 3031 1211 3090 urbem

79 3112 204 3174 Athenis
222 3114 422 3192 imperarunt,
451 3113 561 3174 ducum
587 3115 816 3194 appellationem
836 3113 885 3174 vel
908 3112 1026 3175 sibimet
1045 3115 1212 3196 adscripse-

78 3207 167 3267 runt,
190 3198 239 3258 vel
255 3197 292 3256 ab
303 3198 531 3280 imperatoribus
545 3199 875 3274 Latiniaobtiuuerunt,
893 3198 975 3278 iique
991 3201 1121 3260 simulet
1136 3200 1212 3259 'lhe-

77 3285 128 3344 bis
149 3283 352 3363 imperarunt,
380 3286 517 3364 quamvis
535 3286 682 3364 Gregoros
703 3284 837 3344 diversos
862 3282 954 3344 luisse
977 3284 1160 3346 Athenarum
1181 3294 1211 3344 et

78 3367 250 3430 Thebarum
274 3367 411 3428 dominos
437 3367 489 3428 hie
510 3371 632 3445 innuat,
659 3369 730 3429 iicet
756 3369 834 3428 inira
862 3388 927 3448 cap.
943 3369 1008 3430 Vll.
1028 3371 1210 3430 contrarium

80 3465 240 3532 agnoscam
268 3454 461 3534 quiquidem
484 3449 606 3537 μεγάλοι
629 3448 740 3535 Κτίριαν
763 3475 780 3512 e
801 3455 942 3528 Graecia,
970 3477 986 3514 a
1009 3456 1116 3516 nostrie
1138 3477 1210 3515 vero

82 3537 204 3600 Groneia
219 3537 317 3614 Sires,
336 3539 428 3600 idest
447 3543 548 3620 magni
563 3537 693 3616 domini,
714 3549 839 3620 propter
853 3545 1012 3600 vastiorem
1033 3561 1135 3602 eorum
1155 3541 1211 3600 do-

78 3625 272 3686 minationem
291 3625 381 3704 vulgo
401 3624 645 3705 appellabantur,
668 3643 728 3684 non
742 3643 815 3685 vero
836 3644 874 3684 ex
890 3644 966 3686 voce
989 3623 1212 3711 Πριμμιτήρινς

80 3719 238 3788 corrupta,
263 3719 296 3769 nt
306 3708 359 3769 hic
373 3719 404 3771 st
418 3729 484 3790 cap.
498 3709 563 3772 Vii.
580 3719 719 3790 nugatur.
759 3729 886 3769 oceano.

169 3798 238 3875 Pog-
259 3793 336 3870 240,
359 3800 388 3860 1.
433 3794 497 3857 Καί
508 3799 563 3876 τῆς
578 3790 661 3858 aare
673 3787 817 3876 Ἰβηρίας]
838 3795 902 3854 imo
920 3794 1043 3856 Galliae.
1078 3815 1208 3857 oceano.

82 3881 189 3940 Κεῖται
208 3871 281 3958 o'sf
304 3874 388 3960 χτίρα
407 3875 483 3959 αὕτη
503 3873 613 3956 μεταξύ
633 3901 694 3943 που
713 3873 796 3942 ’Δία
818 3878 871 3942 ταί
892 3883 947 3960 τῆς
966 3873 1049 3943 κᾶτα
1062 3874 1208 3962 Ἰβηρίας]

82 3964 233 4040 Gregorae
245 3963 347 4044 itaque
360 3963 485 4048 inferior
496 3961 594 4026 Iien‘o
610 3973 654 4026 est
673 3965 754 4042 regio
773 3964 842 4042 illa,
864 3985 939 4044 quae
955 3965 992 4030 ab
1009 3965 1151 4044 iiispanla
1171 3967 1209 4024 ad

80 4045 297 4109 Montlsierreti
318 4047 429 4109 limites
455 4067 553 4130 usque
580 4049 767 4126 extenditur,
797 4057 833 4109 ut
860 4060 891 4111 et
917 4069 1007 4131 supra
1028 4058 1210 4114 annotatum.

79 4151 195 4194 servm.
1121 4175 1124 4182 ·

169 4220 244 4298 ng.
264 4214 345 4291 240,
367 4221 419 4282 20.
450 4209 559 4300 Ἕτερα
576 4211 607 4281 δ’
623 4208 717 4303 αὖθις
731 4215 951 4300 βονίτνομίιης
962 4210 1060 4298 “ivelc
1074 4216 1212 4297 περὶτοῦ

79 4301 170 4383 uioc']
193 4305 241 4364 Aa
256 4301 394 4382 inteiligit
412 4300 520 4362 initum
540 4302 578 4364 ab
600 4323 635 4363 ea
656 4301 814 4364 consilium
830 4302 868 4365 ds
887 4303 942 4366 iiic
959 4303 991 4363 in
1006 4301 1211 4364 bombardiam
