2994 4830
234 279 310 354 670
540 283 776 358 NICEPHORI
796 283 1037 369 Gredonum

73 463 101 512 λ.
115 461 146 511 λλ.
162 459 228 518 6851
235 446 413 540 παρήγγειλε
426 441 547 538 νύατωρ
563 445 682 528 ἐξιόντα
695 457 751 536 τῆς
765 451 863 528 υίιιίιις
876 449 929 516 τὸν
948 443 1077 533 βασιλέα
1093 445 1214 534 καιρίαν
1227 452 1334 530 βαλεῖν
1395 523 1399 536 1
1490 507 1491 534 η

82 637 86 642 ι
105 533 157 584 ¹¹¹³·
168 533 268 656 1¹32„
279 561 336 623 τοῦ
350 557 482 640 τείχους,
510 553 562 629 soi
577 561 768 642 παραχρῆμα
781 555 893 642 σχοίνῳ
906 551 958 618 ded
970 558 1032 618 τῶν
1047 549 1199 630 ἐπάλξεων
1215 553 1336 618 διεκπε-

205 669 209 672 ’
234 655 433 748 σύνταπρὸς
461 655 497 724 τὸ
519 653 727 744 στρατόπεδον
750 656 862 742 ἀπαθῆ
882 656 939 740 τὴν
959 657 1114 752 σωτηρίαν
1127 655 1330 738 πορίσασθαι.

228 768 290 846 τῆς
307 763 410 827 τοίνυν
428 756 512 846 ripae
527 761 715 843 ἐληλυθνίιις
722 810 733 842 ,
761 761 793 826 ἐν
807 751 828 848 ᾖ
842 757 1039 842 τὸνβασιλέα
1053 763 1098 847 τῷ
1113 753 1239 853 εἰωθότι
1251 763 1333 844 χρῆ-

233 870 313 931 σθαι
330 863 430 950 γίγσνε
448 859 604 952 περιπάτῳ
627 863 713 950 παρά
726 863 762 929 τὸ
778 873 877 946 τεῖχος
889 868 946 946 τῆς
959 858 1095 941 πόλεως,
1123 862 1191 945 τρίς
1206 860 1262 942 μίν
1279 859 1356 931 eci-5

233 967 297 1043 θύς
321 961 487 1051 ὃταξότης
509 967 620 1042 ἐκείνας
645 967 771 1032 ἐτείνετσ
798 965 834 1034 τὸ
860 961 967 1044 τόξον·
993 966 1060 1051 τρίς
1075 963 1109 1028 d’
1127 962 1250 1046 ἀτυχῶν
1266 963 1335 1049 περὶ

233 1069 291 1154 τὴν
309 1067 484 1152 ἀποστολὴν
504 1074 559 1133 τού
573 1068 684 1149 βέλους
703 1064 859 1157 ᾐσθάνετο
867 1117 878 1150 ,
904 1063 1020 1154 νάρκης
1036 1065 1131 1134 οίονεί
1142 1089 1225 1142 τινος
1241 1065 1335 1148 ἐμπε-
1385 1146 1386 1150 ¹

204 1168 349 1256 Οιλούσης
367 1176 558 1259 παραχρῆμα
583 1171 639 1256 τὴν
661 1173 834 1260 χείρωκαὶ
861 1169 942 1237 κατά
967 1176 1024 1257 γῆς
1051 1167 1158 1256 νεαρὸν
1187 1168 1224 1236 τὸ
1241 1168 1335 1252 βέλος
1384 1220 1387 1226 .

233 1271 411 1364 ῥιπτούσης.
442 1280 499 1358 τῆς
517 1273 622 1358 μέντοι
645 1279 702 1342 τοῦ
725 1269 817 1352 τόξου
841 1279 952 1360 νευράς
976 1275 1009 1338 ἐν
1031 1278 1070 1360 τῇ
1084 1272 1172 1360 τρίτη
1189 1271 1335 1360 ῥαγρίσης

231 1379 338 1470 πείρρ,
361 1373 500 1461 ἐκπλήξει
513 1378 563 1442 καί
589 1377 648 1442 δέει
662 1375 823 1465 ληφθέντα
846 1375 901 1442 τὸν
915 1375 1083 1464 decennov
1097 1373 1163 1458 ἅμα
1179 1375 1219 1465 λ’ρι
1234 1399 1333 1462 προσ·
1342 1389 1382 1445 10
1490 1407 1491 1474 3

194 1493 199 1508 ·
233 1480 309 1546 ιέναι
335 1505 369 1546 τε
402 1485 448 1570 τῷ
477 1484 602 1564 βασιλεῖ
622 1481 673 1546 καί
701 1476 756 1546 τύν
779 1503 813 1546 τε
841 1477 934 1546 δόλον
961 1479 1127 1566 ἐξαγγεῖλαι
1154 1483 1336 1565 περιπαθῶς

233 1586 285 1648 καί
307 1579 324 1649 ἀ
347 1584 416 1669 περὶ
429 1581 485 1668 τὴν
507 1579 596 1648 τάσιν
617 1587 673 1649 τοῦ
695 1579 788 1660 τόξον
814 1583 1014 1668 συμπέπτωκε
1036 1583 1136 1668 τέρας.
1164 1580 1259 1658 αάτάς
1278 1581 1335 1664 μέν

232 1679 289 1753 σύν
305 1681 485 1771 συγγνώμης
498 1683 599 1770 τυχιίιν
616 1682 785 1774 ἐπορεύετο.
821 1683 894 1775 (Δ.)
918 1682 954 1752 Ὁ
968 1687 988 1750 δ
996 1683 1004 1709 ’
1017 1681 1223 1765 Ἇπύκασκσς,
1252 1679 1335 1770 ὁρῶν

203 1787 272 1858 Dori
288 1798 412 1872 ταχεῖαν
425 1791 533 1856 ίούσαν
546 1787 604 1872 τὴν
625 1789 659 1854 ἐιι
675 1796 738 1855 τιῖιν
757 1793 940 1878 Τριβαλλῶν
956 1787 1041 1876 αύτῷ
1058 1783 1223 1870 σύμμαχον
1239 1783 1335 1852 δύνα-

229 1917 302 1978 μιν,
336 1891 437 1978 ἠρέμα
461 1891 539 1979 πρὸς
563 1889 749 1978 ἀπογνώσει
767 1889 872 1980 ἐχώρει
887 1897 926 1980 vi
941 1888 1056 1978 γνώμῃ.
1084 1891 1191 1954 εοεαε
1205 1889 1274 1976 γορ,
1289 1889 1334 1973 μη
1344 1905 1382 1961 15
1490 1861 1491 1942 ἰ

231 1994 384 2081 αι’φνίδιον
400 1991 576 2076 ὅβασιλεύς
597 1993 638 2060 τά
654 1994 827 2062 Θετταλικά
851 1991 1129 2078 μεταπεμψάμενος
1150 1991 1233 2058 ὅπλα
1257 1992 1337 2079 πρὸς

230 2097 304 2172 τούς
323 2092 472 2178 ἐσχάτους
493 2095 559 2184 ὤσῃ
586 2093 746 2173 κινδύνους
768 2095 865 2178 αὐτοῦ
884 2097 925 2164 τά
948 2092 1176 2183 στρατεύματα.
1203 2093 1335 2178 cinerei

135 2261 140 2270 ,
230 2197 347 2274 πολλάς
361 2190 416 2264 σύν
430 2199 547 2266 ἐκεῖθεν
561 2198 618 2276 τάς
631 2195 748 2288 ἡμέρας
766 2196 974 2285 ἀναζευγνύειν
996 2198 1110 2265 ἐκέλευε
1135 2195 1176 2264 τά
1199 2223 1231 2264 τε
1255 2197 1336 2263 ἀλλα
1374 2277 1378 2290 ¹

230 2303 282 2368 καί
304 2297 439 2384 μάλισθ’
463 2299 512 2368 ύτι
537 2303 589 2368 καλ
610 2299 699 2388 φήμη
722 2298 842 2382 πάντας
862 2301 933 2390 ἀρτι
957 2297 1172 2389 ἐπεπορεύετο,
1207 2301 1335 2386 edormi

201 2409 389 2492 ΕΠερσικού
407 2401 522 2486 στύλον
542 2410 671 2492 βαρεῖαν
696 2403 916 2492 διαγγέλλουσα
937 2404 1066 2493 ἔφοδον,
1093 2401 1133 2489 ἣν
1155 2406 1207 2470 καί
1221 2403 1382 2480 παντόςλῠ
1490 2461 1491 2502 ,

231 2503 346 2590 ἐνόμιζε
359 2505 503 2574 θανάτου
518 2507 744 2596 φοβερωτέραν.
772 2509 820 2575 διὸ
841 2510 894 2576 καί
910 2509 1021 2596 κομιδῇ
1034 2509 1182 2595 βραχείας
1195 2513 1233 2595 τῇ
1253 2509 1336 2574 Θεσ-

230 2611 378 2698 σαλονίκῃ
405 2591 646 2699 ιἐνιλιατετριφολς
668 2613 720 2676 καί
743 2609 839 2690 odric
866 2607 983 2699 ἡμέρας
1008 2610 1104 2700 ᾤχετο
1133 2609 1192 2678 σύν
1220 2609 1336 2696 ὀλίγαις

230 2715 339 2778 ναυσίν
360 2711 576 2793 ἀποπλεύσας,
612 2716 664 2780 καί
688 2709 817 2791 ταύταις
838 2712 1102 2799 ταχυναυτούσαις
1121 2707 1164 2788 ὥς
1185 2709 1334 2797 μάλιστα.

229 2811 435 2892 ύπωπτενκιέις
455 2816 515 2906 γάρ
543 2809 602 2900 ἦν,
638 2818 690 2882 καί
713 2813 801 2902 μάλα
823 2817 904 2884 κατά
925 2816 1058 2898 σκοπὸν,
1093 2813 1135 2892 ὡς
1158 2813 1337 2902 αίσάἡσεως

227 3061 283 3102 cum
301 3045 459 3102 Berrhoeam
479 3047 622 3102 clanculum
640 3047 726 3114 misit,
742 3046 943 3119 praecepitque,
963 3055 994 3102 ut
1009 3065 1068 3102 cum
1086 3047 1160 3102 domo
1181 3057 1338 3118 egressmus

227 3121 297 3171 esset
308 3123 386 3172 noctu
399 3117 547 3187 imperator,
564 3117 760 3172 cimortiierum
772 3117 862 3170 vuinus
876 3115 1022 3188 indigerem
1039 3135 1071 3171 ac
1085 3118 1172 3171 statim
1186 3135 1252 3188 prop
1306 3136 1336 3172 a·

227 3185 293 3238 coiis
306 3185 394 3255 lapsos
413 3203 462 3268 per
484 3187 569 3242 sunem
591 3185 625 3240 ad
645 3196 732 3241 castra
746 3187 851 3239 illaesus
873 3203 905 3240 ec
920 3185 1007 3238 salvus
1026 3203 1084 3238 sese
1096 3187 1234 3257 reciperet
1254 3133 1335 3240 u&aa

226 3252 316 3322 itaque
329 3253 476 3308 advenisset
491 3255 570 3319 hora,
588 3261 667 3324 atque
676 3255 816 3325 imperator
827 3254 926 3308 solitam
941 3255 1014 3308 iuxu
1026 3256 1124 3310 moenis
1139 3257 1335 3313 ambulationem

227 3339 257 3374 re
276 3329 375 3386 eteret,
398 3329 440 3374 ter
458 3323 545 3376 statim
567 3323 720 3392 sagittarius
740 3340 827 3390 eroum
845 3323 971 3386 tetendit,
996 3332 1038 3376 ter
1053 3325 1136 3378 sensit
1155 3325 1181 3377 in
1197 3325 1334 3378 iecuiaodo

264 3391 429 3443 oaberrasse
443 3407 489 3454 se,
506 3407 563 3445 cum
577 3391 647 3454 illico
665 3408 755 3446 manus
768 3393 842 3460 qusai
857 3393 966 3460 quodam
986 3401 1093 3461 torpore
1114 3393 1272 3462 obriguisaet
1294 3401 1336 3448 tc-

226 3458 329 3526 imuque
345 3459 373 3511 io
387 3467 483 3511 terrem
495 3459 567 3512 velut
579 3467 705 3512 mortuum
717 3458 877 3530 proiecisset
913 3461 1011 3514 Ferunt
1027 3469 1111 3516 sutem
1125 3479 1182 3516 curu
1195 3464 1273 3518 tertio
1287 3479 1335 3516 ea-

228 3523 371 3596 periretur,
395 3533 500 3597 ruptum
516 3543 592 3582 arcum
605 3545 729 3594 uersum
744 3537 850 3599 stupore
861 3527 993 3582 deiodcac
1007 3537 1075 3584 metu
1090 3539 1236 3603 correptum
1249 3532 1336 3586 homi-

226 3611 284 3648 uem
298 3593 331 3648 sd
351 3593 529 3664 imperatorem
543 3597 625 3666 primo
640 3613 714 3652 maus
729 3597 877 3660 coemisse,
892 3597 1029 3668 dolumque
1043 3601 1069 3653 ei
1082 3617 1138 3654 cum
1151 3619 1244 3670 magua
1257 3599 1336 3654 auium

226 3663 394 3718 commotione
407 3665 572 3733 patefecisse,
586 3674 613 3718 et
626 3665 695 3734 quod
708 3665 839 3720 occiderat
851 3666 876 3718 in
889 3667 1017 3732 tendendo
1030 3687 1093 3722 arcu
1105 3669 1258 3752 prodigium.
1274 3669 1336 3740 Ipre

226 3730 316 3800 itaque
327 3731 467 3802 impetrata
479 3733 556 3789 veuia
567 3733 641 3788 abiit.
676 3735 749 3802 (IV.)
767 3737 918 3804 Apocaucus
933 3755 1004 3800 uero,
1022 3752 1080 3790 cum
1092 3737 1194 3791 videret
1206 3757 1255 3792 non
1273 3755 1337 3790 cou-

226 3799 298 3854 tiuuo
315 3801 407 3854 adesse
426 3801 475 3868 sibi
495 3802 660 3857 auxiliaresa
675 3803 802 3859 Triballis
816 3805 919 3872 copias,
941 3805 1062 3874 paulatim
1078 3807 1112 3860 ad
1129 3805 1337 3876 desperationem

225 3868 308 3924 animo
321 3869 455 3940 vergebat.
491 3873 638 3926 Verebatur
652 3873 727 3937 enim,
742 3891 776 3926 ue
789 3874 874 3926 statim
891 3873 1030 3944 imperator
1045 3875 1137 3930 accitis
1151 3875 1338 3930 'l'heesaioruus

224 3937 302 3996 armis
316 3938 343 3992 in
357 3947 499 3996 eudemum
512 3939 648 3998 discrimen
660 3941 802 3996 adduceret
813 3941 894 4012 ipsius
907 3943 1057 3998 exercitum.
1079 3945 1139 3998 Non
1148 3945 1233 3998 moitis
1247 3945 1339 4013 itaque

223 4017 285 4078 pest
299 4007 390 4062 diebun
405 4015 492 4064 castra
510 4010 608 4064 moveri
624 4009 715 4074 iussit,
734 4015 787 4064 tum
800 4013 833 4066 ob
846 4011 914 4076 alia,
931 4019 985 4066 tum
998 4013 1106 4069 maxime
1120 4015 1182 4083 quia
1196 4031 1288 4067 recens
1302 4013 1346 4066 ad»

224 4095 310 4132 omnes
324 4078 393 4132 sama
406 4085 577 4162 pervenerat,
593 4079 786 4148 infestissimum
799 4080 924 4136 nuncians
939 4081 1063 4136 Persicae
1083 4082 1175 4136 classis
1189 4083 1341 4145 adveutum,

223 4161 297 4214 quem
314 4145 358 4200 ilic
372 4163 448 4216 perus
465 4145 534 4200 letho
548 4147 740 4202 extimescebat.
775 4149 919 4218 Perpaucis
934 4150 1016 4218 igitur
1032 4159 1059 4204 ct
1073 4149 1132 4220 ipce
1144 4151 1236 4204 diebus
1248 4152 1339 4206 Tires-

222 4215 352 4272 suionicae
366 4217 538 4286 consumptis,
556 4217 673 4287 pauculis
687 4235 743 4272 cum
758 4219 881 4282 novibus,
900 4223 928 4270 et
941 4217 992 4270 iilis
1006 4219 1110 4287 quidem
1125 4219 1338 4288 expeditissimis,

223 4282 250 4334 in
270 4283 348 4334 nitunt
362 4285 472 4338 'delatus
486 4285 561 4340 abiit
597 4285 699 4340 Eterrinr
720 4286 867 4357 suspicatos
886 4296 957 4352 erat,
975 4288 1073 4356 optima
1087 4298 1160 4344 uerte
1178 4289 1338 4353 uorsicctura,
