<?xml version="1.0" encoding="UTF-8"?>
<!DOCTYPE html PUBLIC "-//W3C//DTD XHTML 1.0 Transitional//EN"
    "http://www.w3.org/TR/xhtml1/DTD/xhtml1-transitional.dtd">
<html xmlns="http://www.w3.org/1999/xhtml" xml:lang="en" lang="en">
 <head>
  <title>
</title>
<meta http-equiv="Content-Type" content="text/html;charset=utf-8" />
  <meta name='ocr-system' content='tesseract 3.04.00' />
  <meta name='ocr-capabilities' content='ocr_page ocr_carea ocr_par ocr_line ocrx_word'/>
</head>
<body>
  <div class='ocr_page' id='page_1' title='image "./corpusscriptoru21niebgoog_0169.png"; bbox 0 0 2994 4830; ppageno 0'>
   <div class='ocr_carea' id='block_1_1' title="bbox 266 283 1065 364">
    <p class='ocr_par' dir='ltr' id='par_1_1' title="bbox 266 283 1065 364">
     <span class='ocr_line' id='line_1_1' title="bbox 266 283 1065 364; baseline 0.014 -10"><span class='ocrx_word' id='word_1_1' title='bbox 266 283 341 355; x_wconf 72' lang='lat'><strong><em>728</em></strong></span> <span class='ocrx_word' id='word_1_2' title='bbox 570 289 804 362; x_wconf 87' lang='lat' dir='ltr'>NICEPHORI</span> <span class='ocrx_word' id='word_1_3' title='bbox 825 292 1065 364; x_wconf 82' lang='lat' dir='ltr'><strong>GREGORAE</strong></span> 
     </span>
    </p>
   </div>
   <div class='ocr_carea' id='block_1_2' title="bbox 102 449 1482 2294">
    <p class='ocr_par' dir='ltr' id='par_1_2' title="bbox 102 449 1362 546">
     <span class='ocr_line' id='line_1_2' title="bbox 102 449 1362 546; baseline -0.004 -18"><span class='ocrx_word' id='word_1_4' title='bbox 102 463 132 514; x_wconf 64' lang='lat' dir='ltr'><strong><em>A·</em></strong></span> <span class='ocrx_word' id='word_1_5' title='bbox 144 461 177 510; x_wconf 81' lang='lat' dir='ltr'><strong><em>id.</em></strong></span> <span class='ocrx_word' id='word_1_6' title='bbox 190 451 355 528; x_wconf 54' lang='lat' dir='ltr'>meando</span> <span class='ocrx_word' id='word_1_7' title='bbox 368 481 401 522; x_wconf 91' lang='grc' dir='ltr'><strong><em>τε</em></strong></span> <span class='ocrx_word' id='word_1_8' title='bbox 418 457 468 522; x_wconf 73' lang='grc' dir='ltr'><strong><em>καί</em></strong></span> <span class='ocrx_word' id='word_1_9' title='bbox 481 449 689 543; x_wconf 74' lang='grc' dir='ltr'><strong><em>Περιθύριον,</em></strong></span> <span class='ocrx_word' id='word_1_10' title='bbox 716 457 767 522; x_wconf 75' lang='grc' dir='ltr'><strong><em>καὶ</em></strong></span> <span class='ocrx_word' id='word_1_11' title='bbox 783 453 843 524; x_wconf 82' lang='grc' dir='ltr'><strong><em>ὅσα</em></strong></span> <span class='ocrx_word' id='word_1_12' title='bbox 865 455 918 544; x_wconf 68' lang='grc' dir='ltr'><strong><em>ἔφ’</em></strong></span> <span class='ocrx_word' id='word_1_13' title='bbox 935 453 1064 546; x_wconf 72' lang='grc' dir='ltr'><strong><em>ἑκάτερα</em></strong></span> <span class='ocrx_word' id='word_1_14' title='bbox 1078 460 1129 526; x_wconf 78' lang='grc' dir='ltr'><strong><em>καὶ</em></strong></span> <span class='ocrx_word' id='word_1_15' title='bbox 1142 456 1258 544; x_wconf 72' lang='grc' dir='ltr'><strong><em>μεταξύ</em></strong></span> <span class='ocrx_word' id='word_1_16' title='bbox 1273 460 1362 526; x_wconf 87' lang='grc' dir='ltr'><strong><em>πολί-</em></strong></span> 
     </span>
    </p>

    <p class='ocr_par' dir='ltr' id='par_1_3' title="bbox 136 530 1482 1164">
     <span class='ocr_line' id='line_1_3' title="bbox 136 530 1362 650; baseline 0 -22"><span class='ocrx_word' id='word_1_17' title='bbox 136 531 187 583; x_wconf 58' lang='lat' dir='ltr'>M</span> <span class='ocrx_word' id='word_1_18' title='bbox 199 530 339 650; x_wconf 68' lang='grc' dir='ltr'><strong><em>13Εχνιά</em></strong></span> <span class='ocrx_word' id='word_1_19' title='bbox 355 585 388 626; x_wconf 84' lang='grc' dir='ltr'><strong><em>τε</em></strong></span> <span class='ocrx_word' id='word_1_20' title='bbox 410 562 461 624; x_wconf 76' lang='grc' dir='ltr'><strong><em>καί</em></strong></span> <span class='ocrx_word' id='word_1_21' title='bbox 479 563 600 644; x_wconf 82' lang='grc' dir='ltr'><strong><em>χωρία,</em></strong></span> <span class='ocrx_word' id='word_1_22' title='bbox 626 561 677 624; x_wconf 77' lang='grc' dir='ltr'><strong><em>καὶ</em></strong></span> <span class='ocrx_word' id='word_1_23' title='bbox 699 557 917 646; x_wconf 75' lang='grc' dir='ltr'><strong><em>στρατεύματα</em></strong></span> <span class='ocrx_word' id='word_1_24' title='bbox 940 561 1047 627; x_wconf 75' lang='grc' dir='ltr'><strong><em>ἱππικά</em></strong></span> <span class='ocrx_word' id='word_1_25' title='bbox 1061 561 1216 646; x_wconf 76' lang='grc' dir='ltr'><strong><em>τεττάρων</em></strong></span> <span class='ocrx_word' id='word_1_26' title='bbox 1228 563 1362 628; x_wconf 73' lang='grc' dir='ltr'><strong><em>ίπίκεινα</em></strong></span> 
     </span>
     <span class='ocr_line' id='line_1_4' title="bbox 261 657 1362 754; baseline -0.002 -22"><span class='ocrx_word' id='word_1_27' title='bbox 261 661 419 754; x_wconf 72' lang='grc' dir='ltr'><strong><em>χιλιάδων.</em></strong></span> <span class='ocrx_word' id='word_1_28' title='bbox 459 659 530 752; x_wconf 90' lang='grc' dir='ltr'><strong><em>(Δ.)</em></strong></span> <span class='ocrx_word' id='word_1_29' title='bbox 556 657 674 749; x_wconf 82' lang='grc' dir='ltr'><strong><em>Θίρους</em></strong></span> <span class='ocrx_word' id='word_1_30' title='bbox 687 663 719 728; x_wconf 81' lang='grc' dir='ltr'><strong><em>δ’</em></strong></span> <span class='ocrx_word' id='word_1_31' title='bbox 734 662 794 748; x_wconf 70' lang='grc' dir='ltr'><strong><em>ἤδη</em></strong></span> <span class='ocrx_word' id='word_1_32' title='bbox 808 669 985 746; x_wconf 77' lang='grc' dir='ltr'><em>μεσοῦντος,</em></span> <span class='ocrx_word' id='word_1_33' title='bbox 1003 667 1055 730; x_wconf 80' lang='grc' dir='ltr'><strong><em>καί</em></strong></span> <span class='ocrx_word' id='word_1_34' title='bbox 1069 672 1126 749; x_wconf 81' lang='grc' dir='ltr'><strong><em>τῆς</em></strong></span> <span class='ocrx_word' id='word_1_35' title='bbox 1137 672 1193 750; x_wconf 78' lang='grc' dir='ltr'><strong><em>γῆς</em></strong></span> <span class='ocrx_word' id='word_1_36' title='bbox 1202 666 1235 729; x_wconf 73' lang='grc' dir='ltr'><strong><em>ἓν</em></strong></span> <span class='ocrx_word' id='word_1_37' title='bbox 1248 665 1362 746; x_wconf 82' lang='grc' dir='ltr'><strong><em>άκμαΐς</em></strong></span> 
     </span>
     <span class='ocr_line' id='line_1_5' title="bbox 265 762 1361 854; baseline -0.005 -18"><span class='ocrx_word' id='word_1_38' title='bbox 265 762 464 854; x_wconf 69' lang='grc' dir='ltr'><strong><em>ὑπαρχούσης</em></strong></span> <span class='ocrx_word' id='word_1_39' title='bbox 479 771 534 830; x_wconf 84' lang='grc' dir='ltr'><strong><em>τοῦ</em></strong></span> <span class='ocrx_word' id='word_1_40' title='bbox 549 767 655 844; x_wconf 91' lang='grc' dir='ltr'><strong><em>σίτου,</em></strong></span> <span class='ocrx_word' id='word_1_41' title='bbox 685 766 741 842; x_wconf 82' lang='grc' dir='ltr'><strong><em>τὰς</em></strong></span> <span class='ocrx_word' id='word_1_42' title='bbox 758 764 900 850; x_wconf 87' lang='grc' dir='ltr'><strong><em>δυνάμεις</em></strong></span> <span class='ocrx_word' id='word_1_43' title='bbox 915 767 1085 854; x_wconf 76' lang='grc' dir='ltr'><strong><em>ἀνειληφὼς</em></strong></span> <span class='ocrx_word' id='word_1_44' title='bbox 1100 765 1224 843; x_wconf 83' lang='grc' dir='ltr'><strong><em>άπάσας</em></strong></span> <span class='ocrx_word' id='word_1_45' title='bbox 1237 763 1254 834; x_wconf 78' lang='grc' dir='ltr'><strong><em>ὅ</em></strong></span> <span class='ocrx_word' id='word_1_46' title='bbox 1267 774 1361 848; x_wconf 88' lang='grc' dir='ltr'><strong><em>βασι-</em></strong></span> 
     </span>
     <span class='ocr_line' id='line_1_6' title="bbox 266 865 1482 958; baseline -0.007 -20"><span class='ocrx_word' id='word_1_47' title='bbox 266 872 335 948; x_wconf 78' lang='grc' dir='ltr'><strong><em>λεύς</em></strong></span> <span class='ocrx_word' id='word_1_48' title='bbox 363 865 449 954; x_wconf 71' lang='grc' dir='ltr'><strong><em>ἐγγύς</em></strong></span> <span class='ocrx_word' id='word_1_49' title='bbox 466 893 526 934; x_wconf 87' lang='grc' dir='ltr'><strong><em>που</em></strong></span> <span class='ocrx_word' id='word_1_50' title='bbox 549 874 604 934; x_wconf 78' lang='grc' dir='ltr'><strong><em>τοῦ</em></strong></span> <span class='ocrx_word' id='word_1_51' title='bbox 618 871 809 956; x_wconf 73' lang='grc' dir='ltr'><strong><em>Περιδορίου</em></strong></span> <span class='ocrx_word' id='word_1_52' title='bbox 820 871 1156 958; x_wconf 73' lang='grc' dir='ltr'><strong><em>παρεστρατοπέδευσε,</em></strong></span> <span class='ocrx_word' id='word_1_53' title='bbox 1184 872 1234 936; x_wconf 78' lang='grc' dir='ltr'><strong><em>καὶ</em></strong></span> <span class='ocrx_word' id='word_1_54' title='bbox 1247 872 1289 946; x_wconf 80' lang='grc' dir='ltr'><strong><em>είς</em></strong></span> <span class='ocrx_word' id='word_1_55' title='bbox 1302 869 1386 936; x_wconf 78' lang='lat' dir='ltr'>rol-5</span> <span class='ocrx_word' id='word_1_56' title='bbox 1481 895 1482 898; x_wconf 42' lang='lat'>¹</span> 
     </span>
     <span class='ocr_line' id='line_1_7' title="bbox 266 967 1363 1061; baseline -0.002 -21"><span class='ocrx_word' id='word_1_57' title='bbox 266 980 311 1055; x_wconf 82' lang='grc' dir='ltr'><strong><em>ξεν</em></strong></span> <span class='ocrx_word' id='word_1_58' title='bbox 326 971 490 1056; x_wconf 80' lang='grc' dir='ltr'><strong><em>πολεμικὴν</em></strong></span> <span class='ocrx_word' id='word_1_59' title='bbox 504 967 653 1054; x_wconf 75' lang='grc' dir='ltr'><strong><em>διεκόσμει</em></strong></span> <span class='ocrx_word' id='word_1_60' title='bbox 666 995 699 1037; x_wconf 91' lang='grc' dir='ltr'><strong><em>τε</em></strong></span> <span class='ocrx_word' id='word_1_61' title='bbox 713 975 763 1037; x_wconf 79' lang='grc' dir='ltr'><strong><em>καὶ</em></strong></span> <span class='ocrx_word' id='word_1_62' title='bbox 777 973 938 1040; x_wconf 73' lang='grc' dir='ltr'><strong><em>συνέταττε</em></strong></span> <span class='ocrx_word' id='word_1_63' title='bbox 953 979 1044 1061; x_wconf 74' lang='grc' dir='ltr'><strong><em>σιγάς.</em></strong></span> <span class='ocrx_word' id='word_1_64' title='bbox 1071 973 1133 1058; x_wconf 72' lang='grc' dir='ltr'><strong><em>ἤδη</em></strong></span> <span class='ocrx_word' id='word_1_65' title='bbox 1147 973 1244 1038; x_wconf 75' lang='grc' dir='ltr'><strong><em>δὲκαὶ</em></strong></span> <span class='ocrx_word' id='word_1_66' title='bbox 1261 969 1363 1038; x_wconf 85' lang='grc' dir='ltr'><strong><em>ὃΜο-</em></strong></span> 
     </span>
     <span class='ocr_line' id='line_1_8' title="bbox 265 1070 1363 1164; baseline -0.004 -20"><span class='ocrx_word' id='word_1_67' title='bbox 265 1080 402 1164; x_wconf 86' lang='grc' dir='ltr'><strong><em>μιτίλας,</em></strong></span> <span class='ocrx_word' id='word_1_68' title='bbox 431 1070 619 1160; x_wconf 76' lang='grc' dir='ltr'><strong><em>ὁρμητήριον</em></strong></span> <span class='ocrx_word' id='word_1_69' title='bbox 641 1072 752 1162; x_wconf 83' lang='grc' dir='ltr'><strong><em>ὄχυρδν</em></strong></span> <span class='ocrx_word' id='word_1_70' title='bbox 769 1073 880 1142; x_wconf 72' lang='grc' dir='ltr'><strong><em>ἑαυτοῦ</em></strong></span> <span class='ocrx_word' id='word_1_71' title='bbox 902 1078 937 1144; x_wconf 85' lang='grc' dir='ltr'><strong><em>τὸ</em></strong></span> <span class='ocrx_word' id='word_1_72' title='bbox 952 1074 1142 1164; x_wconf 75' lang='grc' dir='ltr'><strong><em>Περιθύριον</em></strong></span> <span class='ocrx_word' id='word_1_73' title='bbox 1164 1074 1363 1159; x_wconf 83' lang='grc' dir='ltr'><strong><em>καταστησά-</em></strong></span> 
     </span>
    </p>

    <p class='ocr_par' dir='ltr' id='par_1_4' title="bbox 164 1165 1482 1682">
     <span class='ocr_line' id='line_1_9' title="bbox 164 1165 1362 1266; baseline 0.002 -24"><span class='ocrx_word' id='word_1_74' title='bbox 164 1165 176 1183; x_wconf 74' lang='grc'>’</span> <span class='ocrx_word' id='word_1_75' title='bbox 234 1187 372 1266; x_wconf 64' lang='grc' dir='ltr'><strong><em>Εμενος,</em></strong></span> <span class='ocrx_word' id='word_1_76' title='bbox 395 1174 472 1266; x_wconf 73' lang='grc' dir='ltr'><strong><em>ἐξῄει</em></strong></span> <span class='ocrx_word' id='word_1_77' title='bbox 489 1183 617 1254; x_wconf 82' lang='grc' dir='ltr'><strong><em>πολλοῖς</em></strong></span> <span class='ocrx_word' id='word_1_78' title='bbox 631 1201 663 1244; x_wconf 86' lang='grc' dir='ltr'><strong><em>τε</em></strong></span> <span class='ocrx_word' id='word_1_79' title='bbox 681 1179 892 1266; x_wconf 72' lang='grc' dir='ltr'><strong><em>πεφραγμένος</em></strong></span> <span class='ocrx_word' id='word_1_80' title='bbox 914 1191 983 1256; x_wconf 74' lang='grc' dir='ltr'><strong><em>ταῖς</em></strong></span> <span class='ocrx_word' id='word_1_81' title='bbox 1006 1177 1152 1260; x_wconf 88' lang='grc' dir='ltr'><strong><em>δυνάμεσι</em></strong></span> <span class='ocrx_word' id='word_1_82' title='bbox 1177 1181 1228 1244; x_wconf 80' lang='grc' dir='ltr'><strong><em>καί</em></strong></span> <span class='ocrx_word' id='word_1_83' title='bbox 1247 1181 1362 1244; x_wconf 90' lang='grc' dir='ltr'><strong><em>πλείονι</em></strong></span> 
     </span>
     <span class='ocr_line' id='line_1_10' title="bbox 265 1277 1363 1370; baseline -0.005 -19"><span class='ocrx_word' id='word_1_84' title='bbox 265 1281 509 1370; x_wconf 74' lang='grc' dir='ltr'><strong><em>ἔκτετυφιομίνος</em></strong></span> <span class='ocrx_word' id='word_1_85' title='bbox 524 1286 568 1368; x_wconf 77' lang='grc' dir='ltr'><strong><em>τῷ</em></strong></span> <span class='ocrx_word' id='word_1_86' title='bbox 581 1277 703 1367; x_wconf 72' lang='grc' dir='ltr'><strong><em>θράσει.</em></strong></span> <span class='ocrx_word' id='word_1_87' title='bbox 727 1282 868 1370; x_wconf 73' lang='grc' dir='ltr'><strong><em>οὐδὲγάρ</em></strong></span> <span class='ocrx_word' id='word_1_88' title='bbox 883 1283 972 1348; x_wconf 73' lang='grc' dir='ltr'><strong><em>οὐδὲν</em></strong></span> <span class='ocrx_word' id='word_1_89' title='bbox 986 1280 1055 1348; x_wconf 74' lang='lat' dir='ltr'>orire</span> <span class='ocrx_word' id='word_1_90' title='bbox 1067 1282 1177 1369; x_wconf 79' lang='grc' dir='ltr'><strong><em>μικρὸν</em></strong></span> <span class='ocrx_word' id='word_1_91' title='bbox 1191 1279 1261 1348; x_wconf 76' lang='grc' dir='ltr'><strong><em>ούτ’</em></strong></span> <span class='ocrx_word' id='word_1_92' title='bbox 1276 1281 1363 1367; x_wconf 83' lang='grc' dir='ltr'><strong><em>άγεν-</em></strong></span> 
     </span>
     <span class='ocr_line' id='line_1_11' title="bbox 266 1363 1482 1472; baseline -0.002 -18"><span class='ocrx_word' id='word_1_93' title='bbox 266 1383 562 1470; x_wconf 74' lang='grc' dir='ltr'><strong><em>νέςύπολογίζεσθαι</em></strong></span> <span class='ocrx_word' id='word_1_94' title='bbox 581 1375 619 1468; x_wconf 77' lang='grc' dir='ltr'><strong><em>ἦν</em></strong></span> <span class='ocrx_word' id='word_1_95' title='bbox 642 1383 727 1472; x_wconf 79' lang='grc' dir='ltr'><strong><em>αὐτῷ</em></strong></span> <span class='ocrx_word' id='word_1_96' title='bbox 749 1389 816 1470; x_wconf 84' lang='grc' dir='ltr'><strong><em>περὶ</em></strong></span> <span class='ocrx_word' id='word_1_97' title='bbox 834 1383 965 1452; x_wconf 73' lang='grc' dir='ltr'><strong><em>ἑαυτοῦ·</em></strong></span> <span class='ocrx_word' id='word_1_98' title='bbox 1002 1385 1075 1451; x_wconf 80' lang='grc' dir='ltr'><strong><em>ἀλλ’</em></strong></span> <span class='ocrx_word' id='word_1_99' title='bbox 1104 1385 1206 1470; x_wconf 79' lang='grc' dir='ltr'><strong><em>ὥσπερ</em></strong></span> <span class='ocrx_word' id='word_1_100' title='bbox 1229 1385 1260 1449; x_wconf 82' lang='grc' dir='ltr'><strong><em>ίν</em></strong></span> <span class='ocrx_word' id='word_1_101' title='bbox 1274 1388 1362 1471; x_wconf 73' lang='grc' dir='ltr'><strong><em>χερσὶ</em></strong></span> <span class='ocrx_word' id='word_1_102' title='bbox 1373 1395 1410 1446; x_wconf 84' lang='grc'><strong><em>10</em></strong></span> <span class='ocrx_word' id='word_1_103' title='bbox 1481 1363 1482 1452; x_wconf 77' lang='lat' dir='ltr'>l</span> 
     </span>
     <span class='ocr_line' id='line_1_12' title="bbox 266 1485 1364 1574; baseline -0.004 -18"><span class='ocrx_word' id='word_1_104' title='bbox 266 1489 324 1574; x_wconf 77' lang='grc' dir='ltr'><strong><em>τὴν</em></strong></span> <span class='ocrx_word' id='word_1_105' title='bbox 338 1490 424 1573; x_wconf 85' lang='grc' dir='ltr'><strong><em>νίκην</em></strong></span> <span class='ocrx_word' id='word_1_106' title='bbox 439 1486 499 1570; x_wconf 75' lang='grc' dir='ltr'><strong><em>ἤδη</em></strong></span> <span class='ocrx_word' id='word_1_107' title='bbox 517 1487 567 1550; x_wconf 81' lang='grc' dir='ltr'><strong><em>καὶ</em></strong></span> <span class='ocrx_word' id='word_1_108' title='bbox 582 1485 641 1572; x_wconf 81' lang='grc' dir='ltr'><strong><em>πρὸ</em></strong></span> <span class='ocrx_word' id='word_1_109' title='bbox 656 1492 712 1570; x_wconf 84' lang='grc' dir='ltr'><strong><em>τῆς</em></strong></span> <span class='ocrx_word' id='word_1_110' title='bbox 726 1489 831 1574; x_wconf 89' lang='grc' dir='ltr'><strong><em>πείρας</em></strong></span> <span class='ocrx_word' id='word_1_111' title='bbox 844 1487 920 1574; x_wconf 63' lang='grc' dir='ltr'><strong><em>ἔχων</em></strong></span> <span class='ocrx_word' id='word_1_112' title='bbox 934 1493 997 1554; x_wconf 83' lang='grc' dir='ltr'><strong><em>τῶν</em></strong></span> <span class='ocrx_word' id='word_1_113' title='bbox 1013 1489 1174 1572; x_wconf 88' lang='grc' dir='ltr'><strong><em>πολεμίιον,</em></strong></span> <span class='ocrx_word' id='word_1_114' title='bbox 1203 1485 1285 1553; x_wconf 75' lang='grc' dir='ltr'><strong><em>οὗτοι</em></strong></span> <span class='ocrx_word' id='word_1_115' title='bbox 1299 1513 1364 1568; x_wconf 90' lang='grc' dir='ltr'><strong><em>μα-</em></strong></span> 
     </span>
     <span class='ocr_line' id='line_1_13' title="bbox 268 1585 1364 1682; baseline -0.003 -24"><span class='ocrx_word' id='word_1_116' title='bbox 268 1599 332 1682; x_wconf 80' lang='grc' dir='ltr'><strong><em>κρῷ</em></strong></span> <span class='ocrx_word' id='word_1_117' title='bbox 348 1598 391 1680; x_wconf 79' lang='grc' dir='ltr'><strong><em>τῷ</em></strong></span> <span class='ocrx_word' id='word_1_118' title='bbox 407 1587 520 1676; x_wconf 72' lang='grc' dir='ltr'><strong><em>θράσει</em></strong></span> <span class='ocrx_word' id='word_1_119' title='bbox 534 1587 611 1678; x_wconf 80' lang='grc' dir='ltr'><strong><em>ῥιόιν</em></strong></span> <span class='ocrx_word' id='word_1_120' title='bbox 624 1590 654 1665; x_wconf 72' lang='grc' dir='ltr'><strong><em>ἐς</em></strong></span> <span class='ocrx_word' id='word_1_121' title='bbox 667 1589 781 1674; x_wconf 82' lang='grc' dir='ltr'><strong><em>μίσους</em></strong></span> <span class='ocrx_word' id='word_1_122' title='bbox 793 1590 905 1675; x_wconf 74' lang='grc' dir='ltr'><strong><em>ἤλαυνε</em></strong></span> <span class='ocrx_word' id='word_1_123' title='bbox 919 1590 992 1666; x_wconf 86' lang='grc' dir='ltr'><strong><em>τοδς</em></strong></span> <span class='ocrx_word' id='word_1_124' title='bbox 1006 1593 1177 1674; x_wconf 87' lang='grc' dir='ltr'><strong><em>πολεμίους.</em></strong></span> <span class='ocrx_word' id='word_1_125' title='bbox 1207 1585 1314 1678; x_wconf 86' lang='grc' dir='ltr'>(Ε.)Ὁ</span> <span class='ocrx_word' id='word_1_126' title='bbox 1330 1590 1364 1655; x_wconf 74' lang='grc' dir='ltr'><strong><em>δὲ</em></strong></span> 
     </span>
    </p>

    <p class='ocr_par' dir='ltr' id='par_1_5' title="bbox 165 1689 1482 2091">
     <span class='ocr_line' id='line_1_14' title="bbox 165 1689 1365 1780; baseline 0.003 -26"><span class='ocrx_word' id='word_1_127' title='bbox 165 1694 407 1780; x_wconf 70' lang='grc' dir='ltr'><strong><em>Μὸίβαοιλεύς</em></strong></span> <span class='ocrx_word' id='word_1_128' title='bbox 422 1691 502 1757; x_wconf 84' lang='grc' dir='ltr'><strong><em>κατά</em></strong></span> <span class='ocrx_word' id='word_1_129' title='bbox 518 1691 659 1776; x_wconf 79' lang='grc' dir='ltr'><strong><em>μίτοιπον</em></strong></span> <span class='ocrx_word' id='word_1_130' title='bbox 679 1699 741 1759; x_wconf 85' lang='grc' dir='ltr'><strong><em>τῶν</em></strong></span> <span class='ocrx_word' id='word_1_131' title='bbox 758 1697 910 1776; x_wconf 85' lang='grc' dir='ltr'><strong><em>πολεμίων</em></strong></span> <span class='ocrx_word' id='word_1_132' title='bbox 927 1691 1036 1759; x_wconf 74' lang='grc' dir='ltr'><strong><em>ἑαυτὸν</em></strong></span> <span class='ocrx_word' id='word_1_133' title='bbox 1056 1693 1135 1758; x_wconf 83' lang='grc' dir='ltr'><strong><em>κατά</em></strong></span> <span class='ocrx_word' id='word_1_134' title='bbox 1157 1699 1219 1758; x_wconf 80' lang='grc' dir='ltr'><strong><em>τῶν</em></strong></span> <span class='ocrx_word' id='word_1_135' title='bbox 1232 1689 1365 1775; x_wconf 76' lang='grc' dir='ltr'><strong><em>Ῥωμαϊ-</em></strong></span> 
     </span>
     <span class='ocr_line' id='line_1_15' title="bbox 266 1791 1482 1886; baseline -0.004 -21"><span class='ocrx_word' id='word_1_136' title='bbox 266 1805 328 1865; x_wconf 81' lang='grc' dir='ltr'><strong><em>κιῖιν</em></strong></span> <span class='ocrx_word' id='word_1_137' title='bbox 348 1793 506 1880; x_wconf 79' lang='grc' dir='ltr'><strong><em>δυνάμεων</em></strong></span> <span class='ocrx_word' id='word_1_138' title='bbox 529 1791 755 1879; x_wconf 79' lang='grc' dir='ltr'><strong><em>συνταξάμενος</em></strong></span> <span class='ocrx_word' id='word_1_139' title='bbox 778 1796 835 1881; x_wconf 82' lang='grc' dir='ltr'><strong><em>τὴν</em></strong></span> <span class='ocrx_word' id='word_1_140' title='bbox 856 1795 970 1884; x_wconf 64' lang='grc' dir='ltr'><strong><em>ἔφοδον</em></strong></span> <span class='ocrx_word' id='word_1_141' title='bbox 991 1797 1041 1862; x_wconf 82' lang='grc' dir='ltr'><strong><em>καί</em></strong></span> <span class='ocrx_word' id='word_1_142' title='bbox 1063 1795 1118 1866; x_wconf 80' lang='grc' dir='ltr'><strong><em>τὸν</em></strong></span> <span class='ocrx_word' id='word_1_143' title='bbox 1133 1791 1249 1882; x_wconf 88' lang='grc' dir='ltr'><strong><em>δράμον</em></strong></span> <span class='ocrx_word' id='word_1_144' title='bbox 1272 1797 1365 1882; x_wconf 79' lang='grc' dir='ltr'><strong><em>ίκορ-</em></strong></span> <span class='ocrx_word' id='word_1_145' title='bbox 1481 1883 1482 1886; x_wconf 8' lang='lat'>¹</span> 
     </span>
     <span class='ocr_line' id='line_1_16' title="bbox 266 1890 1411 1986; baseline 0 -18"><span class='ocrx_word' id='word_1_146' title='bbox 266 1901 344 1985; x_wconf 88' lang='grc' dir='ltr'><strong><em>τίρει</em></strong></span> <span class='ocrx_word' id='word_1_147' title='bbox 362 1905 416 1966; x_wconf 82' lang='grc' dir='ltr'><strong><em>τοῦ</em></strong></span> <span class='ocrx_word' id='word_1_148' title='bbox 440 1901 628 1980; x_wconf 86' lang='grc' dir='ltr'><strong><em>Μομιτίλου.</em></strong></span> <span class='ocrx_word' id='word_1_149' title='bbox 655 1899 712 1974; x_wconf 82' lang='grc' dir='ltr'><strong><em>τὰς</em></strong></span> <span class='ocrx_word' id='word_1_150' title='bbox 732 1890 768 1964; x_wconf 77' lang='grc' dir='ltr'><strong><em>δὲ</em></strong></span> <span class='ocrx_word' id='word_1_151' title='bbox 780 1899 936 1986; x_wconf 78' lang='grc' dir='ltr'><strong><em>Περσικὰς</em></strong></span> <span class='ocrx_word' id='word_1_152' title='bbox 953 1896 1115 1982; x_wconf 84' lang='grc' dir='ltr'><strong><em>δυνάμεις,</em></strong></span> <span class='ocrx_word' id='word_1_153' title='bbox 1142 1895 1259 1974; x_wconf 86' lang='grc' dir='ltr'><strong><em>πολλάς</em></strong></span> <span class='ocrx_word' id='word_1_154' title='bbox 1278 1923 1365 1974; x_wconf 88' lang='grc' dir='ltr'><strong><em>τινας</em></strong></span> <span class='ocrx_word' id='word_1_155' title='bbox 1377 1915 1411 1970; x_wconf 85' lang='grc'><strong><em>15</em></strong></span> 
     </span>
     <span class='ocr_line' id='line_1_17' title="bbox 267 1993 1482 2091; baseline -0.002 -22"><span class='ocrx_word' id='word_1_156' title='bbox 267 2003 380 2082; x_wconf 81' lang='grc' dir='ltr'><strong><em>ούσας,</em></strong></span> <span class='ocrx_word' id='word_1_157' title='bbox 407 2003 448 2077; x_wconf 86' lang='grc' dir='ltr'><strong><em>είς</em></strong></span> <span class='ocrx_word' id='word_1_158' title='bbox 469 2000 582 2086; x_wconf 78' lang='grc' dir='ltr'><strong><em>ἀκριβῆ</em></strong></span> <span class='ocrx_word' id='word_1_159' title='bbox 599 1999 761 2085; x_wconf 85' lang='grc' dir='ltr'><strong><em>περιήλασε</em></strong></span> <span class='ocrx_word' id='word_1_160' title='bbox 778 1999 903 2084; x_wconf 82' lang='grc' dir='ltr'><strong><em>κύκλον,</em></strong></span> <span class='ocrx_word' id='word_1_161' title='bbox 934 1999 976 2079; x_wconf 81' lang='grc' dir='ltr'><strong><em>ὥς</em></strong></span> <span class='ocrx_word' id='word_1_162' title='bbox 995 2003 1144 2091; x_wconf 76' lang='grc' dir='ltr'><strong><em>ίνμίσῳ,</em></strong></span> <span class='ocrx_word' id='word_1_163' title='bbox 1172 1998 1315 2087; x_wconf 77' lang='grc' dir='ltr'><strong><em>καθάπερ</em></strong></span> <span class='ocrx_word' id='word_1_164' title='bbox 1332 2002 1366 2066; x_wconf 71' lang='grc' dir='ltr'><strong><em>ἐν</em></strong></span> <span class='ocrx_word' id='word_1_165' title='bbox 1481 1993 1482 2048; x_wconf 52' lang='lat'>3</span> 
     </span>
    </p>

    <p class='ocr_par' dir='ltr' id='par_1_6' title="bbox 167 2094 1369 2294">
     <span class='ocr_line' id='line_1_18' title="bbox 167 2094 1368 2191; baseline -0.004 -17"><span class='ocrx_word' id='word_1_166' title='bbox 167 2119 200 2174; x_wconf 84' lang='lat' dir='ltr'><strong><em>V.</em></strong></span> <span class='ocrx_word' id='word_1_167' title='bbox 208 2106 370 2191; x_wconf 75' lang='grc' dir='ltr'><strong><em>Βίοεῗρκτῇ</em></strong></span> <span class='ocrx_word' id='word_1_168' title='bbox 383 2106 433 2168; x_wconf 74' lang='grc' dir='ltr'><strong><em>καὶ</em></strong></span> <span class='ocrx_word' id='word_1_169' title='bbox 448 2101 577 2191; x_wconf 84' lang='grc' dir='ltr'><strong><em>δικτύῳ,</em></strong></span> <span class='ocrx_word' id='word_1_170' title='bbox 606 2109 840 2190; x_wconf 54' lang='grc' dir='ltr'><strong><em>συγκλασθῆναι</em></strong></span> <span class='ocrx_word' id='word_1_171' title='bbox 853 2108 1034 2189; x_wconf 87' lang='grc' dir='ltr'><strong><em>Μομιτίλαν</em></strong></span> <span class='ocrx_word' id='word_1_172' title='bbox 1053 2104 1131 2188; x_wconf 82' lang='grc' dir='ltr'><strong><em>μετά</em></strong></span> <span class='ocrx_word' id='word_1_173' title='bbox 1151 2094 1254 2188; x_wconf 85' lang='grc' dir='ltr'><strong><em>πάσης</em></strong></span> <span class='ocrx_word' id='word_1_174' title='bbox 1267 2104 1368 2171; x_wconf 77' lang='grc' dir='ltr'><strong><em>αὐτοῦ</em></strong></span> 
     </span>
     <span class='ocr_line' id='line_1_19' title="bbox 268 2203 1369 2294; baseline -0.002 -20"><span class='ocrx_word' id='word_1_175' title='bbox 268 2215 325 2294; x_wconf 84' lang='grc' dir='ltr'><strong><em>τῆς</em></strong></span> <span class='ocrx_word' id='word_1_176' title='bbox 343 2203 510 2290; x_wconf 84' lang='grc' dir='ltr'><strong><em>δυνάμεως.</em></strong></span> <span class='ocrx_word' id='word_1_177' title='bbox 539 2207 600 2269; x_wconf 71' lang='grc' dir='ltr'><strong><em>ἐπεὶ</em></strong></span> <span class='ocrx_word' id='word_1_178' title='bbox 625 2207 724 2270; x_wconf 77' lang='grc' dir='ltr'><strong><em>δὲκαὶ</em></strong></span> <span class='ocrx_word' id='word_1_179' title='bbox 746 2219 811 2284; x_wconf 79' lang='grc' dir='ltr'><strong><em>τοῖς</em></strong></span> <span class='ocrx_word' id='word_1_180' title='bbox 831 2215 892 2275; x_wconf 83' lang='grc' dir='ltr'><strong><em>τῶν</em></strong></span> <span class='ocrx_word' id='word_1_181' title='bbox 909 2210 1081 2294; x_wconf 80' lang='grc' dir='ltr'><strong><em>σαλπίγγων</em></strong></span> <span class='ocrx_word' id='word_1_182' title='bbox 1096 2233 1129 2273; x_wconf 92' lang='grc' dir='ltr'><strong><em>τε</em></strong></span> <span class='ocrx_word' id='word_1_183' title='bbox 1145 2210 1195 2273; x_wconf 74' lang='grc' dir='ltr'><strong><em>καὶ</em></strong></span> <span class='ocrx_word' id='word_1_184' title='bbox 1209 2213 1271 2272; x_wconf 82' lang='grc' dir='ltr'><strong><em>τῶν</em></strong></span> <span class='ocrx_word' id='word_1_185' title='bbox 1285 2232 1369 2290; x_wconf 80' lang='grc' dir='ltr'><strong><em>τυμ-</em></strong></span> 
     </span>
    </p>
   </div>
   <div class='ocr_carea' id='block_1_3' title="bbox 268 2305 1369 2398">
    <p class='ocr_par' dir='ltr' id='par_1_7' title="bbox 268 2305 1369 2398">
     <span class='ocr_line' id='line_1_20' title="bbox 268 2305 1369 2398; baseline -0.001 -21"><span class='ocrx_word' id='word_1_186' title='bbox 268 2308 375 2377; x_wconf 88' lang='grc' dir='ltr'><strong><em>πάνων</em></strong></span> <span class='ocrx_word' id='word_1_187' title='bbox 397 2305 518 2395; x_wconf 87' lang='grc' dir='ltr'><strong><em>κρότοις</em></strong></span> <span class='ocrx_word' id='word_1_188' title='bbox 539 2311 773 2392; x_wconf 86' lang='grc' dir='ltr'><strong><em>συνανεκίρνατο</em></strong></span> <span class='ocrx_word' id='word_1_189' title='bbox 795 2307 885 2395; x_wconf 76' lang='grc' dir='ltr'><strong><em>καὶὴ</em></strong></span> <span class='ocrx_word' id='word_1_190' title='bbox 909 2321 975 2387; x_wconf 77' lang='grc' dir='ltr'><strong><em>τοῖς</em></strong></span> <span class='ocrx_word' id='word_1_191' title='bbox 994 2308 1168 2398; x_wconf 84' lang='grc' dir='ltr'><strong><em>βαρβάροις</em></strong></span> <span class='ocrx_word' id='word_1_192' title='bbox 1190 2309 1282 2393; x_wconf 71' lang='grc' dir='ltr'><strong><em>ᾔθεοι</em></strong></span> <span class='ocrx_word' id='word_1_193' title='bbox 1303 2317 1369 2376; x_wconf 86' lang='grc' dir='ltr'><strong><em>τῶν</em></strong></span> 
     </span>
    </p>
   </div>
   <div class='ocr_carea' id='block_1_4' title="bbox 163 2409 1414 3014">
    <p class='ocr_par' dir='ltr' id='par_1_8' title="bbox 238 2409 1413 2915">
     <span class='ocr_line' id='line_1_21' title="bbox 238 2409 1413 2500; baseline -0.001 -21"><span class='ocrx_word' id='word_1_194' title='bbox 238 2417 402 2500; x_wconf 82' lang='grc' dir='ltr'><strong><em>ΒΠερσῶν</em></strong></span> <span class='ocrx_word' id='word_1_195' title='bbox 423 2413 491 2498; x_wconf 76' lang='grc' dir='ltr'><strong><em>περὶ</em></strong></span> <span class='ocrx_word' id='word_1_196' title='bbox 522 2409 595 2487; x_wconf 85' lang='grc' dir='ltr'><strong><em>τοδς</em></strong></span> <span class='ocrx_word' id='word_1_197' title='bbox 616 2411 768 2493; x_wconf 84' lang='grc' dir='ltr'><strong><em>πολίμους</em></strong></span> <span class='ocrx_word' id='word_1_198' title='bbox 789 2409 941 2498; x_wconf 76' lang='grc' dir='ltr'><strong><em>ἡλικιῶτις</em></strong></span> <span class='ocrx_word' id='word_1_199' title='bbox 961 2413 1096 2498; x_wconf 80' lang='grc' dir='ltr'><strong><em>κλαγγὴ,</em></strong></span> <span class='ocrx_word' id='word_1_200' title='bbox 1133 2410 1231 2489; x_wconf 86' lang='grc' dir='ltr'><strong><em>πολύς</em></strong></span> <span class='ocrx_word' id='word_1_201' title='bbox 1247 2437 1281 2478; x_wconf 88' lang='grc' dir='ltr'><strong><em>τε</em></strong></span> <span class='ocrx_word' id='word_1_202' title='bbox 1305 2411 1413 2486; x_wconf 58' lang='grc' dir='ltr'><strong><em>άνάῇ</em></strong></span> 
     </span>
     <span class='ocr_line' id='line_1_22' title="bbox 266 2509 1369 2602; baseline 0 -20"><span class='ocrx_word' id='word_1_203' title='bbox 266 2514 368 2582; x_wconf 90' lang='grc' dir='ltr'><strong><em>πάντα</em></strong></span> <span class='ocrx_word' id='word_1_204' title='bbox 383 2513 437 2580; x_wconf 90' lang='grc' dir='ltr'><strong><em>τδν</em></strong></span> <span class='ocrx_word' id='word_1_205' title='bbox 447 2519 550 2600; x_wconf 81' lang='grc' dir='ltr'><strong><em>χῶρον</em></strong></span> <span class='ocrx_word' id='word_1_206' title='bbox 565 2516 678 2579; x_wconf 70' lang='grc' dir='ltr'><strong><em>ἐκεῖνον</em></strong></span> <span class='ocrx_word' id='word_1_207' title='bbox 695 2511 711 2580; x_wconf 84' lang='grc' dir='ltr'>ὁ</span> <span class='ocrx_word' id='word_1_208' title='bbox 728 2511 868 2602; x_wconf 76' lang='grc' dir='ltr'><strong><em>θόρυβος</em></strong></span> <span class='ocrx_word' id='word_1_209' title='bbox 882 2509 921 2600; x_wconf 72' lang='grc' dir='ltr'><strong><em>ἦν</em></strong></span> <span class='ocrx_word' id='word_1_210' title='bbox 941 2519 992 2581; x_wconf 77' lang='grc' dir='ltr'><strong><em>καὶ</em></strong></span> <span class='ocrx_word' id='word_1_211' title='bbox 1011 2514 1127 2601; x_wconf 78' lang='grc' dir='ltr'><strong><em>πολλὴν</em></strong></span> <span class='ocrx_word' id='word_1_212' title='bbox 1151 2517 1184 2593; x_wconf 75' lang='grc' dir='ltr'><strong><em>ἐξ</em></strong></span> <span class='ocrx_word' id='word_1_213' title='bbox 1206 2515 1369 2602; x_wconf 80' lang='grc' dir='ltr'><strong><em>ἀπροσδο-</em></strong></span> 
     </span>
     <span class='ocr_line' id='line_1_23' title="bbox 265 2616 1367 2708; baseline -0.002 -24"><span class='ocrx_word' id='word_1_214' title='bbox 265 2617 362 2704; x_wconf 82' lang='grc' dir='ltr'><strong><em>κήτου</em></strong></span> <span class='ocrx_word' id='word_1_215' title='bbox 380 2623 424 2708; x_wconf 77' lang='grc' dir='ltr'><strong><em>τῷ</em></strong></span> <span class='ocrx_word' id='word_1_216' title='bbox 439 2619 602 2708; x_wconf 78' lang='grc' dir='ltr'><strong><em>Μομιτίλρ</em></strong></span> <span class='ocrx_word' id='word_1_217' title='bbox 616 2616 672 2702; x_wconf 82' lang='grc' dir='ltr'><strong><em>τὴν</em></strong></span> <span class='ocrx_word' id='word_1_218' title='bbox 688 2616 875 2702; x_wconf 86' lang='grc' dir='ltr'><strong><em>κατάπληξιν</em></strong></span> <span class='ocrx_word' id='word_1_219' title='bbox 889 2621 1014 2684; x_wconf 74' lang='grc' dir='ltr'><strong><em>ἐνεποίει</em></strong></span> <span class='ocrx_word' id='word_1_220' title='bbox 1030 2621 1081 2684; x_wconf 79' lang='grc' dir='ltr'><strong><em>καὶ</em></strong></span> <span class='ocrx_word' id='word_1_221' title='bbox 1099 2618 1159 2705; x_wconf 83' lang='grc' dir='ltr'><strong><em>πρὸ</em></strong></span> <span class='ocrx_word' id='word_1_222' title='bbox 1176 2625 1231 2702; x_wconf 80' lang='grc' dir='ltr'><strong><em>τῆς</em></strong></span> <span class='ocrx_word' id='word_1_223' title='bbox 1246 2621 1367 2707; x_wconf 86' lang='grc' dir='ltr'><strong><em>πείρας,</em></strong></span> 
     </span>
     <span class='ocr_line' id='line_1_24' title="bbox 266 2719 1366 2810; baseline -0.001 -22"><span class='ocrx_word' id='word_1_224' title='bbox 266 2724 318 2788; x_wconf 79' lang='grc' dir='ltr'><strong><em>καί</em></strong></span> <span class='ocrx_word' id='word_1_225' title='bbox 346 2721 381 2788; x_wconf 75' lang='lat' dir='ltr'><strong><em>nd</em></strong></span> <span class='ocrx_word' id='word_1_226' title='bbox 405 2725 520 2808; x_wconf 81' lang='grc' dir='ltr'><strong><em>γαῦρον</em></strong></span> <span class='ocrx_word' id='word_1_227' title='bbox 550 2719 642 2786; x_wconf 78' lang='grc' dir='ltr'><strong><em>ἓκεῖνο</em></strong></span> <span class='ocrx_word' id='word_1_228' title='bbox 673 2719 796 2810; x_wconf 75' lang='grc' dir='ltr'><strong><em>σφόδρα</em></strong></span> <span class='ocrx_word' id='word_1_229' title='bbox 826 2724 877 2787; x_wconf 78' lang='grc' dir='ltr'><strong><em>καί</em></strong></span> <span class='ocrx_word' id='word_1_230' title='bbox 898 2721 1052 2808; x_wconf 74' lang='grc' dir='ltr'><strong><em>μετέωρον</em></strong></span> <span class='ocrx_word' id='word_1_231' title='bbox 1071 2719 1186 2805; x_wconf 67' lang='grc' dir='ltr'><strong><em>ἔθραυε</em></strong></span> <span class='ocrx_word' id='word_1_232' title='bbox 1207 2719 1366 2807; x_wconf 77' lang='grc' dir='ltr'><strong><em>φρόνημα.</em></strong></span> 
     </span>
     <span class='ocr_line' id='line_1_25' title="bbox 268 2821 1369 2915; baseline 0.001 -26"><span class='ocrx_word' id='word_1_233' title='bbox 268 2821 335 2915; x_wconf 83' lang='grc' dir='ltr'><strong>(ς’.)</strong></span> <span class='ocrx_word' id='word_1_234' title='bbox 361 2825 425 2889; x_wconf 81' lang='grc' dir='ltr'><strong><em>Καί</em></strong></span> <span class='ocrx_word' id='word_1_235' title='bbox 439 2825 493 2888; x_wconf 68' lang='grc' dir='ltr'><strong><em>’ίνα</em></strong></span> <span class='ocrx_word' id='word_1_236' title='bbox 514 2821 571 2900; x_wconf 85' lang='grc' dir='ltr'><strong><em>τάς</em></strong></span> <span class='ocrx_word' id='word_1_237' title='bbox 593 2823 624 2887; x_wconf 76' lang='grc' dir='ltr'><strong><em>ἓν</em></strong></span> <span class='ocrx_word' id='word_1_238' title='bbox 647 2823 731 2913; x_wconf 83' lang='grc' dir='ltr'><strong><em>μίσῳ</em></strong></span> <span class='ocrx_word' id='word_1_239' title='bbox 751 2821 848 2908; x_wconf 87' lang='grc' dir='ltr'><strong><em>τύχας</em></strong></span> <span class='ocrx_word' id='word_1_240' title='bbox 869 2828 920 2890; x_wconf 79' lang='grc' dir='ltr'><strong><em>καί</em></strong></span> <span class='ocrx_word' id='word_1_241' title='bbox 942 2821 1169 2911; x_wconf 78' lang='grc' dir='ltr'><strong><em>άγχιστρύφους</em></strong></span> <span class='ocrx_word' id='word_1_242' title='bbox 1192 2825 1293 2900; x_wconf 67' lang='grc' dir='ltr'><strong><em>ἕλικας</em></strong></span> <span class='ocrx_word' id='word_1_243' title='bbox 1310 2830 1369 2890; x_wconf 78' lang='grc' dir='ltr'><strong><em>τοῦ</em></strong></span> 
     </span>
    </p>

    <p class='ocr_par' dir='ltr' id='par_1_9' title="bbox 163 2923 1414 3014">
     <span class='ocr_line' id='line_1_26' title="bbox 163 2923 1414 3014; baseline 0.002 -20"><span class='ocrx_word' id='word_1_244' title='bbox 163 2947 166 2954; x_wconf 92' lang='grc'><strong>’</strong></span> <span class='ocrx_word' id='word_1_245' title='bbox 267 2927 402 3011; x_wconf 87' lang='grc' dir='ltr'><strong><em>πολίμου</em></strong></span> <span class='ocrx_word' id='word_1_246' title='bbox 427 2925 648 3014; x_wconf 66' lang='grc' dir='ltr'><strong><em>παρέλθωμεν,</em></strong></span> <span class='ocrx_word' id='word_1_247' title='bbox 675 2933 738 2994; x_wconf 85' lang='grc' dir='ltr'><strong><em>τῶν</em></strong></span> <span class='ocrx_word' id='word_1_248' title='bbox 756 2929 859 2994; x_wconf 73' lang='grc' dir='ltr'><strong><em>λ’ππων</em></strong></span> <span class='ocrx_word' id='word_1_249' title='bbox 881 2925 977 3004; x_wconf 58' lang='lat' dir='ltr'>edula</span> <span class='ocrx_word' id='word_1_250' title='bbox 1000 2923 1172 3010; x_wconf 77' lang='grc' dir='ltr'><strong><em>ἀποβάντες</em></strong></span> <span class='ocrx_word' id='word_1_251' title='bbox 1194 2925 1225 2994; x_wconf 76' lang='grc' dir='ltr'><strong><em>οἶ</em></strong></span> <span class='ocrx_word' id='word_1_252' title='bbox 1243 2927 1414 3003; x_wconf 77' lang='grc' dir='ltr'><strong><em>πλείους25</em></strong></span> 
     </span>
    </p>
   </div>
   <div class='ocr_carea' id='block_1_5' title="bbox 152 3033 1409 4368">
    <p class='ocr_par' dir='ltr' id='par_1_10' title="bbox 152 3033 1409 4368">
     <span class='ocr_line' id='line_1_27' title="bbox 266 3033 1370 3126; baseline -0.004 -15"><span class='ocrx_word' id='word_1_253' title='bbox 266 3056 333 3111; x_wconf 81' lang='lat' dir='ltr'>enim</span> <span class='ocrx_word' id='word_1_254' title='bbox 354 3059 414 3109; x_wconf 87' lang='lat' dir='ltr'>tuno</span> <span class='ocrx_word' id='word_1_255' title='bbox 433 3054 573 3110; x_wconf 87' lang='lat' dir='ltr'>inditione</span> <span class='ocrx_word' id='word_1_256' title='bbox 592 3071 640 3109; x_wconf 85' lang='lat' dir='ltr'><strong><em>ana</em></strong></span> <span class='ocrx_word' id='word_1_257' title='bbox 658 3058 734 3110; x_wconf 85' lang='lat' dir='ltr'>urbes</span> <span class='ocrx_word' id='word_1_258' title='bbox 748 3055 887 3111; x_wconf 74' lang='lat' dir='ltr'>Xanthiam</span> <span class='ocrx_word' id='word_1_259' title='bbox 906 3074 937 3111; x_wconf 86' lang='lat' dir='ltr'>ae</span> <span class='ocrx_word' id='word_1_260' title='bbox 950 3033 1136 3120; x_wconf 61' lang='lat' dir='ltr'>Plautianum,</span> <span class='ocrx_word' id='word_1_261' title='bbox 1153 3059 1181 3109; x_wconf 81' lang='lat' dir='ltr'>et</span> <span class='ocrx_word' id='word_1_262' title='bbox 1195 3071 1370 3126; x_wconf 84' lang='lat' dir='ltr'>quaeeunque</span> 
     </span>
     <span class='ocr_line' id='line_1_28' title="bbox 267 3122 1369 3196; baseline -0.002 -16"><span class='ocrx_word' id='word_1_263' title='bbox 267 3127 324 3180; x_wconf 82' lang='lat' dir='ltr'>sire</span> <span class='ocrx_word' id='word_1_264' title='bbox 336 3126 456 3195; x_wconf 86' lang='lat' dir='ltr'>utrinque</span> <span class='ocrx_word' id='word_1_265' title='bbox 471 3127 606 3190; x_wconf 84' lang='lat' dir='ltr'>adiacent,</span> <span class='ocrx_word' id='word_1_266' title='bbox 623 3127 679 3178; x_wconf 83' lang='lat' dir='ltr'>aive</span> <span class='ocrx_word' id='word_1_267' title='bbox 692 3127 828 3180; x_wconf 87' lang='lat' dir='ltr'>interiecta</span> <span class='ocrx_word' id='word_1_268' title='bbox 842 3132 910 3190; x_wconf 83' lang='lat' dir='ltr'>eunt,</span> <span class='ocrx_word' id='word_1_269' title='bbox 927 3122 1064 3196; x_wconf 84' lang='lat' dir='ltr'>municipia</span> <span class='ocrx_word' id='word_1_270' title='bbox 1077 3143 1109 3178; x_wconf 85' lang='lat' dir='ltr'>ae</span> <span class='ocrx_word' id='word_1_271' title='bbox 1122 3125 1193 3190; x_wconf 83' lang='lat' dir='ltr'>loca3</span> <span class='ocrx_word' id='word_1_272' title='bbox 1212 3133 1240 3177; x_wconf 88' lang='lat' dir='ltr'>et</span> <span class='ocrx_word' id='word_1_273' title='bbox 1252 3123 1369 3194; x_wconf 87' lang='lat' dir='ltr'>equitum</span> 
     </span>
     <span class='ocr_line' id='line_1_29' title="bbox 266 3195 1371 3264; baseline -0.003 -16"><span class='ocrx_word' id='word_1_274' title='bbox 266 3195 336 3248; x_wconf 82' lang='lat' dir='ltr'>ultra</span> <span class='ocrx_word' id='word_1_275' title='bbox 349 3201 460 3264; x_wconf 81' lang='lat' dir='ltr'>quatuor</span> <span class='ocrx_word' id='word_1_276' title='bbox 473 3195 560 3250; x_wconf 85' lang='lat' dir='ltr'>millia.</span> <span class='ocrx_word' id='word_1_277' title='bbox 589 3195 664 3264; x_wconf 80' lang='lat' dir='ltr'>(IV.)</span> <span class='ocrx_word' id='word_1_278' title='bbox 682 3195 769 3250; x_wconf 88' lang='lat' dir='ltr'>Media</span> <span class='ocrx_word' id='word_1_279' title='bbox 783 3197 832 3248; x_wconf 85' lang='lat' dir='ltr'><strong><em>iam</em></strong></span> <span class='ocrx_word' id='word_1_280' title='bbox 845 3203 953 3259; x_wconf 80' lang='lat' dir='ltr'>aestate,</span> <span class='ocrx_word' id='word_1_281' title='bbox 971 3213 1026 3248; x_wconf 89' lang='lat' dir='ltr'><strong><em>cum</em></strong></span> <span class='ocrx_word' id='word_1_282' title='bbox 1040 3196 1131 3264; x_wconf 75' lang='lat' dir='ltr'>fruges</span> <span class='ocrx_word' id='word_1_283' title='bbox 1144 3203 1257 3246; x_wconf 85' lang='lat' dir='ltr'>maturae</span> <span class='ocrx_word' id='word_1_284' title='bbox 1270 3201 1371 3258; x_wconf 72' lang='lat' dir='ltr'>essem,</span> 
     </span>
     <span class='ocr_line' id='line_1_30' title="bbox 266 3261 1371 3348; baseline -0.003 -32"><span class='ocrx_word' id='word_1_285' title='bbox 266 3264 407 3346; x_wconf 81' lang='lat' dir='ltr'>imperator</span> <span class='ocrx_word' id='word_1_286' title='bbox 419 3264 501 3332; x_wconf 86' lang='lat' dir='ltr'>enpiis</span> <span class='ocrx_word' id='word_1_287' title='bbox 514 3263 629 3348; x_wconf 60' lang='lat' dir='ltr'>omnious</span> <span class='ocrx_word' id='word_1_288' title='bbox 650 3281 733 3346; x_wconf 68' lang='lat' dir='ltr'>seeum</span> <span class='ocrx_word' id='word_1_289' title='bbox 745 3266 883 3348; x_wconf 64' lang='lat' dir='ltr'>assumptis</span> <span class='ocrx_word' id='word_1_290' title='bbox 900 3271 1095 3317; x_wconf 71' lang='lat' dir='ltr'>cannametatua</span> <span class='ocrx_word' id='word_1_291' title='bbox 1109 3271 1148 3316; x_wconf 89' lang='lat' dir='ltr'>est</span> <span class='ocrx_word' id='word_1_292' title='bbox 1162 3263 1234 3315; x_wconf 81' lang='lat' dir='ltr'>iuxta</span> <span class='ocrx_word' id='word_1_293' title='bbox 1246 3261 1371 3344; x_wconf 68' lang='lat' dir='ltr'>Peritho-</span> 
     </span>
     <span class='ocr_line' id='line_1_31' title="bbox 266 3331 1373 3470; baseline -0.001 -17"><span class='ocrx_word' id='word_1_294' title='bbox 266 3331 1373 3470; x_wconf 53' lang='lat' dir='ltr'><strong><em>tltan&#39;ittititititttitiit‘nillil*{ttnltutt‘tglttiltz</em></strong></span> 
     </span>
     <span class='ocr_line' id='line_1_32' title="bbox 266 3469 1372 3540; baseline 0.001 -19"><span class='ocrx_word' id='word_1_295' title='bbox 266 3475 310 3521; x_wconf 87' lang='lat' dir='ltr'><strong><em>tus</em></strong></span> <span class='ocrx_word' id='word_1_296' title='bbox 330 3469 455 3521; x_wconf 88' lang='lat' dir='ltr'>hominum</span> <span class='ocrx_word' id='word_1_297' title='bbox 473 3485 547 3521; x_wconf 89' lang='lat' dir='ltr'>manu</span> <span class='ocrx_word' id='word_1_298' title='bbox 571 3476 598 3521; x_wconf 83' lang='lat' dir='ltr'>et</span> <span class='ocrx_word' id='word_1_299' title='bbox 622 3469 758 3522; x_wconf 86' lang='lat' dir='ltr'>maioribus</span> <span class='ocrx_word' id='word_1_300' title='bbox 777 3471 866 3523; x_wconf 67' lang='lat' dir='ltr'>areimis</span> <span class='ocrx_word' id='word_1_301' title='bbox 879 3469 1001 3535; x_wconf 76' lang='lat' dir='ltr'>inflatus,</span> <span class='ocrx_word' id='word_1_302' title='bbox 1029 3470 1168 3540; x_wconf 74' lang='lat' dir='ltr'>prodierat.</span> <span class='ocrx_word' id='word_1_303' title='bbox 1205 3469 1279 3522; x_wconf 84' lang='lat' dir='ltr'>Nihil</span> <span class='ocrx_word' id='word_1_304' title='bbox 1301 3469 1372 3522; x_wconf 79' lang='lat' dir='ltr'>eninr</span> 
     </span>
     <span class='ocr_line' id='line_1_33' title="bbox 267 3537 1372 3660; baseline 0 -70"><span class='ocrx_word' id='word_1_305' title='bbox 267 3553 389 3660; x_wconf 60' lang='lat' dir='ltr'>furvum,</span> <span class='ocrx_word' id='word_1_306' title='bbox 414 3537 478 3589; x_wconf 83' lang='lat' dir='ltr'>nihil</span> <span class='ocrx_word' id='word_1_307' title='bbox 497 3537 590 3590; x_wconf 80' lang='lat' dir='ltr'>humile</span> <span class='ocrx_word' id='word_1_308' title='bbox 611 3539 645 3590; x_wconf 89' lang='lat' dir='ltr'>de</span> <span class='ocrx_word' id='word_1_309' title='bbox 664 3555 692 3590; x_wconf 84' lang='lat' dir='ltr'>se</span> <span class='ocrx_word' id='word_1_310' title='bbox 710 3555 817 3608; x_wconf 81' lang='lat' dir='ltr'>operare</span> <span class='ocrx_word' id='word_1_311' title='bbox 835 3541 859 3592; x_wconf 91' lang='lat' dir='ltr'>ei</span> <span class='ocrx_word' id='word_1_312' title='bbox 879 3540 1131 3602; x_wconf 69' lang='lat' dir='ltr'>succurrebat;‚sed</span> <span class='ocrx_word' id='word_1_313' title='bbox 1144 3537 1218 3608; x_wconf 88' lang='lat' dir='ltr'>qnasi</span> <span class='ocrx_word' id='word_1_314' title='bbox 1232 3537 1372 3590; x_wconf 80' lang='lat' dir='ltr'>victoriam</span> 
     </span>
     <span class='ocr_line' id='line_1_34' title="bbox 279 3606 1373 3678; baseline -0.001 -19"><span class='ocrx_word' id='word_1_315' title='bbox 279 3623 333 3670; x_wconf 89' lang='lat' dir='ltr'><strong><em>am,</em></strong></span> <span class='ocrx_word' id='word_1_316' title='bbox 351 3606 517 3658; x_wconf 78' lang='lat' dir='ltr'>antefactum</span> <span class='ocrx_word' id='word_1_317' title='bbox 533 3623 636 3676; x_wconf 79' lang='lat' dir='ltr'><strong>pugnae</strong></span> <span class='ocrx_word' id='word_1_318' title='bbox 650 3608 804 3678; x_wconf 84' lang='lat' dir='ltr'>periculum,</span> <span class='ocrx_word' id='word_1_319' title='bbox 823 3609 931 3662; x_wconf 86' lang='lat' dir='ltr'>haberet</span> <span class='ocrx_word' id='word_1_320' title='bbox 944 3625 1007 3678; x_wconf 85' lang='lat' dir='ltr'>prae</span> <span class='ocrx_word' id='word_1_321' title='bbox 1018 3608 1148 3673; x_wconf 87' lang='lat' dir='ltr'>manibus,</span> <span class='ocrx_word' id='word_1_322' title='bbox 1166 3608 1264 3660; x_wconf 83' lang='lat' dir='ltr'>medios</span> <span class='ocrx_word' id='word_1_323' title='bbox 1277 3607 1304 3658; x_wconf 88' lang='lat' dir='ltr'><strong><em>iu</em></strong></span> <span class='ocrx_word' id='word_1_324' title='bbox 1320 3608 1373 3658; x_wconf 90' lang='lat' dir='ltr'><strong><em>ho·</em></strong></span> 
     </span>
     <span class='ocr_line' id='line_1_35' title="bbox 267 3675 1371 3746; baseline 0 -18"><span class='ocrx_word' id='word_1_325' title='bbox 267 3681 321 3728; x_wconf 82' lang='lat' dir='ltr'>ates</span> <span class='ocrx_word' id='word_1_326' title='bbox 341 3675 396 3727; x_wconf 86' lang='lat' dir='ltr'>ruit</span> <span class='ocrx_word' id='word_1_327' title='bbox 415 3675 504 3744; x_wconf 85' lang='lat' dir='ltr'>plenus</span> <span class='ocrx_word' id='word_1_328' title='bbox 524 3676 655 3728; x_wconf 73' lang='lat' dir='ltr'>audaciae.</span> <span class='ocrx_word' id='word_1_329' title='bbox 690 3676 751 3744; x_wconf 85' lang='lat' dir='ltr'>(V.)</span> <span class='ocrx_word' id='word_1_330' title='bbox 769 3679 804 3729; x_wconf 77' lang='lat' dir='ltr'><strong><em>At</em></strong></span> <span class='ocrx_word' id='word_1_331' title='bbox 821 3677 975 3746; x_wconf 83' lang='lat' dir='ltr'>imperator,</span> <span class='ocrx_word' id='word_1_332' title='bbox 993 3677 1116 3730; x_wconf 85' lang='lat' dir='ltr'>adversus</span> <span class='ocrx_word' id='word_1_333' title='bbox 1133 3676 1243 3728; x_wconf 88' lang='lat' dir='ltr'>hostium</span> <span class='ocrx_word' id='word_1_334' title='bbox 1258 3676 1371 3728; x_wconf 81' lang='lat' dir='ltr'>frontem</span> 
     </span>
     <span class='ocr_line' id='line_1_36' title="bbox 267 3743 1373 3816; baseline -0.003 -18"><span class='ocrx_word' id='word_1_335' title='bbox 267 3761 297 3798; x_wconf 85' lang='lat' dir='ltr'><strong><em>ee</em></strong></span> <span class='ocrx_word' id='word_1_336' title='bbox 310 3747 338 3796; x_wconf 89' lang='lat' dir='ltr'>et</span> <span class='ocrx_word' id='word_1_337' title='bbox 352 3745 478 3797; x_wconf 81' lang='lat' dir='ltr'>Romanas</span> <span class='ocrx_word' id='word_1_338' title='bbox 489 3744 601 3813; x_wconf 80' lang='lat' dir='ltr'>legiones</span> <span class='ocrx_word' id='word_1_339' title='bbox 617 3761 672 3797; x_wconf 88' lang='lat' dir='ltr'><strong><em>oum</em></strong></span> <span class='ocrx_word' id='word_1_340' title='bbox 685 3745 850 3810; x_wconf 79' lang='lat' dir='ltr'>collocasset,</span> <span class='ocrx_word' id='word_1_341' title='bbox 867 3743 987 3816; x_wconf 77' lang='lat' dir='ltr'>impetum</span> <span class='ocrx_word' id='word_1_342' title='bbox 999 3753 1077 3816; x_wconf 88' lang='lat' dir='ltr'>atque</span> <span class='ocrx_word' id='word_1_343' title='bbox 1089 3745 1258 3798; x_wconf 79' lang='lat' dir='ltr'>incurrionem</span> <span class='ocrx_word' id='word_1_344' title='bbox 1274 3744 1373 3796; x_wconf 84' lang='lat' dir='ltr'>lllomi-</span> 
     </span>
     <span class='ocr_line' id='line_1_37' title="bbox 265 3813 1373 3884; baseline -0.001 -17"><span class='ocrx_word' id='word_1_345' title='bbox 265 3813 330 3867; x_wconf 81' lang='lat' dir='ltr'>tilae</span> <span class='ocrx_word' id='word_1_346' title='bbox 346 3813 495 3866; x_wconf 83' lang='lat' dir='ltr'>sustinebat</span> <span class='ocrx_word' id='word_1_347' title='bbox 530 3814 649 3866; x_wconf 72' lang='lat' dir='ltr'>Persicae</span> <span class='ocrx_word' id='word_1_348' title='bbox 669 3819 752 3867; x_wconf 88' lang='lat' dir='ltr'>autem</span> <span class='ocrx_word' id='word_1_349' title='bbox 771 3813 857 3880; x_wconf 85' lang='lat' dir='ltr'>vires,</span> <span class='ocrx_word' id='word_1_350' title='bbox 880 3833 945 3884; x_wconf 83' lang='lat' dir='ltr'>quae</span> <span class='ocrx_word' id='word_1_351' title='bbox 962 3831 1111 3867; x_wconf 76' lang='lat' dir='ltr'>numerosae</span> <span class='ocrx_word' id='word_1_352' title='bbox 1127 3821 1217 3876; x_wconf 80' lang='lat' dir='ltr'>erant,</span> <span class='ocrx_word' id='word_1_353' title='bbox 1234 3814 1262 3865; x_wconf 88' lang='lat' dir='ltr'><strong><em>in</em></strong></span> <span class='ocrx_word' id='word_1_354' title='bbox 1280 3814 1373 3866; x_wconf 85' lang='lat' dir='ltr'>orbem</span> 
     </span>
     <span class='ocr_line' id='line_1_38' title="bbox 267 3881 1373 3954; baseline -0.002 -18"><span class='ocrx_word' id='word_1_355' title='bbox 267 3888 389 3936; x_wconf 80' lang='lat' dir='ltr'>accurata</span> <span class='ocrx_word' id='word_1_356' title='bbox 402 3882 515 3952; x_wconf 91' lang='lat' dir='ltr'>undique</span> <span class='ocrx_word' id='word_1_357' title='bbox 530 3882 662 3951; x_wconf 83' lang='lat' dir='ltr'>explicuit,</span> <span class='ocrx_word' id='word_1_358' title='bbox 679 3891 708 3936; x_wconf 85' lang='lat' dir='ltr'><strong><em>ut</em></strong></span> <span class='ocrx_word' id='word_1_359' title='bbox 718 3883 746 3936; x_wconf 90' lang='lat' dir='ltr'><strong><em>in</em></strong></span> <span class='ocrx_word' id='word_1_360' title='bbox 759 3883 858 3948; x_wconf 83' lang='lat' dir='ltr'>medio,</span> <span class='ocrx_word' id='word_1_361' title='bbox 875 3891 995 3954; x_wconf 84' lang='lat' dir='ltr'>tanquam</span> <span class='ocrx_word' id='word_1_362' title='bbox 1008 3901 1113 3937; x_wconf 85' lang='lat' dir='ltr'>carcere</span> <span class='ocrx_word' id='word_1_363' title='bbox 1125 3889 1170 3935; x_wconf 89' lang='lat' dir='ltr'><strong><em>ant</em></strong></span> <span class='ocrx_word' id='word_1_364' title='bbox 1182 3883 1289 3944; x_wconf 86' lang='lat' dir='ltr'>retibus,</span> <span class='ocrx_word' id='word_1_365' title='bbox 1308 3881 1373 3934; x_wconf 90' lang='grc' dir='ltr'><strong><em>Μο-</em></strong></span> 
     </span>
     <span class='ocr_line' id='line_1_39' title="bbox 266 3951 1374 4022; baseline -0.002 -16"><span class='ocrx_word' id='word_1_366' title='bbox 266 3951 362 4006; x_wconf 83' lang='lat' dir='ltr'>mltilss</span> <span class='ocrx_word' id='word_1_367' title='bbox 378 3967 433 4003; x_wconf 89' lang='lat' dir='ltr'>eum</span> <span class='ocrx_word' id='word_1_368' title='bbox 448 3951 515 4004; x_wconf 91' lang='lat' dir='ltr'>omni</span> <span class='ocrx_word' id='word_1_369' title='bbox 527 3968 573 4003; x_wconf 85' lang='lat' dir='ltr'><strong><em>auo</em></strong></span> <span class='ocrx_word' id='word_1_370' title='bbox 589 3951 703 4004; x_wconf 88' lang='lat' dir='ltr'>exercitu</span> <span class='ocrx_word' id='word_1_371' title='bbox 717 3953 897 4007; x_wconf 79' lang='lat' dir='ltr'>includeretur.</span> <span class='ocrx_word' id='word_1_372' title='bbox 932 3953 1024 4006; x_wconf 83' lang='lat' dir='ltr'>Statim</span> <span class='ocrx_word' id='word_1_373' title='bbox 1039 3971 1101 4006; x_wconf 85' lang='lat' dir='ltr'>vero</span> <span class='ocrx_word' id='word_1_374' title='bbox 1116 3960 1196 4022; x_wconf 88' lang='lat' dir='ltr'>atqua</span> <span class='ocrx_word' id='word_1_375' title='bbox 1207 3952 1325 4003; x_wconf 88' lang='lat' dir='ltr'>tubarum</span> <span class='ocrx_word' id='word_1_376' title='bbox 1340 3957 1374 4004; x_wconf 87' lang='lat' dir='ltr'>et</span> 
     </span>
     <span class='ocr_line' id='line_1_40' title="bbox 266 4018 1373 4091; baseline 0 -17"><span class='ocrx_word' id='word_1_377' title='bbox 266 4027 444 4091; x_wconf 84' lang='lat' dir='ltr'>tympanorum</span> <span class='ocrx_word' id='word_1_378' title='bbox 464 4037 526 4072; x_wconf 84' lang='grc' dir='ltr'><strong><em>εοιιο</em></strong></span> <span class='ocrx_word' id='word_1_379' title='bbox 545 4021 621 4072; x_wconf 88' lang='lat' dir='ltr'>mista</span> <span class='ocrx_word' id='word_1_380' title='bbox 640 4027 680 4074; x_wconf 86' lang='lat' dir='ltr'><strong><em>eet</em></strong></span> <span class='ocrx_word' id='word_1_381' title='bbox 700 4022 745 4074; x_wconf 88' lang='lat' dir='ltr'>illa</span> <span class='ocrx_word' id='word_1_382' title='bbox 765 4022 883 4075; x_wconf 87' lang='lat' dir='ltr'>barbaris</span> <span class='ocrx_word' id='word_1_383' title='bbox 904 4023 1039 4075; x_wconf 80' lang='lat' dir='ltr'>Persarum</span> <span class='ocrx_word' id='word_1_384' title='bbox 1058 4023 1171 4088; x_wconf 76' lang='lat' dir='ltr'>moribus</span> <span class='ocrx_word' id='word_1_385' title='bbox 1190 4019 1324 4072; x_wconf 80' lang='lat' dir='ltr'>familiaria</span> <span class='ocrx_word' id='word_1_386' title='bbox 1341 4018 1373 4074; x_wconf 83' lang='lat' dir='ltr'><strong><em>ln</em></strong></span> 
     </span>
     <span class='ocr_line' id='line_1_41' title="bbox 266 4087 1375 4160; baseline -0.005 -16"><span class='ocrx_word' id='word_1_387' title='bbox 266 4090 333 4144; x_wconf 90' lang='lat' dir='ltr'>bello</span> <span class='ocrx_word' id='word_1_388' title='bbox 345 4089 507 4153; x_wconf 77' lang='lat' dir='ltr'>vociferatio,</span> <span class='ocrx_word' id='word_1_389' title='bbox 525 4089 645 4158; x_wconf 82' lang='lat' dir='ltr'>plurimus</span> <span class='ocrx_word' id='word_1_390' title='bbox 659 4107 705 4160; x_wconf 86' lang='lat' dir='ltr'>per</span> <span class='ocrx_word' id='word_1_391' title='bbox 718 4107 815 4144; x_wconf 91' lang='lat' dir='ltr'>omnem</span> <span class='ocrx_word' id='word_1_392' title='bbox 825 4091 894 4144; x_wconf 89' lang='lat' dir='ltr'>illurn</span> <span class='ocrx_word' id='word_1_393' title='bbox 908 4091 989 4144; x_wconf 85' lang='lat' dir='ltr'>locum</span> <span class='ocrx_word' id='word_1_394' title='bbox 1003 4089 1123 4144; x_wconf 86' lang='lat' dir='ltr'>tumultus</span> <span class='ocrx_word' id='word_1_395' title='bbox 1136 4088 1250 4152; x_wconf 81' lang='lat' dir='ltr'>exstitit,</span> <span class='ocrx_word' id='word_1_396' title='bbox 1269 4095 1296 4140; x_wconf 86' lang='lat' dir='ltr'>et</span> <span class='ocrx_word' id='word_1_397' title='bbox 1308 4087 1375 4140; x_wconf 83' lang='lat' dir='ltr'>lilo-</span> 
     </span>
     <span class='ocr_line' id='line_1_42' title="bbox 152 4157 1409 4231; baseline -0.003 -19"><span class='ocrx_word' id='word_1_398' title='bbox 152 4211 157 4218; x_wconf 88' lang='grc'><strong><em>,</em></strong></span> <span class='ocrx_word' id='word_1_399' title='bbox 266 4157 386 4224; x_wconf 88' lang='lat' dir='ltr'>mitllam‚</span> <span class='ocrx_word' id='word_1_400' title='bbox 403 4167 539 4228; x_wconf 85' lang='lat' dir='ltr'>antequam</span> <span class='ocrx_word' id='word_1_401' title='bbox 555 4165 679 4212; x_wconf 85' lang='lat' dir='ltr'>tentatum</span> <span class='ocrx_word' id='word_1_402' title='bbox 692 4167 761 4213; x_wconf 84' lang='lat' dir='ltr'>esset</span> <span class='ocrx_word' id='word_1_403' title='bbox 778 4160 914 4231; x_wconf 86' lang='lat' dir='ltr'>praelium,</span> <span class='ocrx_word' id='word_1_404' title='bbox 932 4161 964 4212; x_wconf 90' lang='lat' dir='ltr'>de</span> <span class='ocrx_word' id='word_1_405' title='bbox 979 4159 1117 4228; x_wconf 82' lang='lat' dir='ltr'>improviso</span> <span class='ocrx_word' id='word_1_406' title='bbox 1132 4159 1296 4210; x_wconf 87' lang='lat' dir='ltr'>vehementer</span> <span class='ocrx_word' id='word_1_407' title='bbox 1307 4173 1375 4226; x_wconf 82' lang='lat' dir='ltr'>per-</span> <span class='ocrx_word' id='word_1_408' title='bbox 1400 4165 1409 4188; x_wconf 81' lang='lat'><strong><em>¹</em></strong></span> 
     </span>
     <span class='ocr_line' id='line_1_43' title="bbox 268 4227 1376 4298; baseline -0.002 -18"><span class='ocrx_word' id='word_1_409' title='bbox 268 4229 348 4292; x_wconf 81' lang='lat' dir='ltr'>culit,</span> <span class='ocrx_word' id='word_1_410' title='bbox 366 4229 473 4281; x_wconf 88' lang='lat' dir='ltr'>animum</span> <span class='ocrx_word' id='word_1_411' title='bbox 493 4245 525 4281; x_wconf 89' lang='lat' dir='ltr'>ue</span> <span class='ocrx_word' id='word_1_412' title='bbox 540 4227 610 4280; x_wconf 88' lang='lat' dir='ltr'>illum</span> <span class='ocrx_word' id='word_1_413' title='bbox 630 4228 723 4280; x_wconf 87' lang='lat' dir='ltr'>elatum</span> <span class='ocrx_word' id='word_1_414' title='bbox 744 4235 772 4281; x_wconf 88' lang='lat' dir='ltr'>et</span> <span class='ocrx_word' id='word_1_415' title='bbox 789 4230 938 4282; x_wconf 76' lang='lat' dir='ltr'>insolentem</span> <span class='ocrx_word' id='word_1_416' title='bbox 957 4229 1046 4298; x_wconf 74' lang='lat' dir='ltr'>fregit.</span> <span class='ocrx_word' id='word_1_417' title='bbox 1081 4227 1155 4296; x_wconf 83' lang='lat' dir='ltr'>(Vl.)</span> <span class='ocrx_word' id='word_1_418' title='bbox 1174 4229 1257 4296; x_wconf 74' lang='lat' dir='ltr'>Atque</span> <span class='ocrx_word' id='word_1_419' title='bbox 1276 4231 1305 4276; x_wconf 92' lang='lat' dir='ltr'><strong><em>ut</em></strong></span> <span class='ocrx_word' id='word_1_420' title='bbox 1322 4241 1376 4278; x_wconf 77' lang='lat' dir='ltr'>eos</span> 
     </span>
     <span class='ocr_line' id='line_1_44' title="bbox 267 4293 1376 4368; baseline -0.003 -17"><span class='ocrx_word' id='word_1_421' title='bbox 267 4311 358 4363; x_wconf 73' lang='lat' dir='ltr'>mus,</span> <span class='ocrx_word' id='word_1_422' title='bbox 373 4297 419 4368; x_wconf 89' lang='lat' dir='ltr'><strong><em>qui</em></strong></span> <span class='ocrx_word' id='word_1_423' title='bbox 434 4310 459 4352; x_wconf 92' lang='lat' dir='ltr'>m</span> <span class='ocrx_word' id='word_1_424' title='bbox 493 4298 513 4352; x_wconf 86' lang='lat' dir='ltr'><strong><em>&#39;i</em></strong></span> <span class='ocrx_word' id='word_1_425' title='bbox 533 4296 718 4364; x_wconf 79' lang='lat' dir='ltr'>intercessere,</span> <span class='ocrx_word' id='word_1_426' title='bbox 736 4305 765 4352; x_wconf 87' lang='lat' dir='ltr'>et</span> <span class='ocrx_word' id='word_1_427' title='bbox 779 4298 876 4353; x_wconf 84' lang='lat' dir='ltr'>celeres</span> <span class='ocrx_word' id='word_1_428' title='bbox 894 4298 1045 4352; x_wconf 75' lang='lat' dir='ltr'>atteramus</span> <span class='ocrx_word' id='word_1_429' title='bbox 1065 4313 1167 4368; x_wconf 79' lang='lat' dir='ltr'>pugnae</span> <span class='ocrx_word' id='word_1_430' title='bbox 1186 4293 1376 4348; x_wconf 75' lang='lat' dir='ltr'>conversiones</span> 
     </span>
    </p>
   </div>
   <div class='ocr_carea' id='block_1_6' title="bbox 0 0 1507 4830">
    <p class='ocr_par' dir='ltr' id='par_1_11' title="bbox 0 0 1507 4830">
     <span class='ocr_line' id='line_1_45' title="bbox 0 0 1507 4830; baseline 0 0"><span class='ocrx_word' id='word_1_431' title='bbox 0 0 1507 4830; x_wconf 95' lang='lat' dir='ltr'><strong><em> </em></strong></span> 
     </span>
    </p>
   </div>
  </div>
 </body>
</html>
