3084 4828
256 283 356 360 1072
465 307 471 364 ζ
565 288 800 362 arnaudum
819 284 1060 358 GREGORAE

93 474 123 528 Δ.
134 473 168 526 u.
181 471 312 536 σπείσας
332 456 384 526 καὶ
403 453 550 541 ἓνεργείας
567 453 605 522 τό
620 451 733 522 ε’νιαΐον
744 451 916 540 διέφθαρκε
930 456 988 536 τῆς
999 457 1057 519 τοῦ
1069 446 1193 519 πόντων
1201 451 1358 538 δημιουρ-

136 543 214 599 ΙΜ
228 567 313 667 Fpoii
333 555 501 643 θεότητος·
526 557 685 646 μηδὲγὰρ
709 553 783 624 εἶναι
803 561 865 622 τῶν
888 557 1085 638 δυναμένων,
1110 557 1154 632 είς
1174 549 1358 637 ταύτότητα

257 663 389 754 φυσικὴν
402 661 459 746 τὴν
475 657 641 748 ἑτερότητα
660 659 872 729 omniaomnia
885 655 1054 743 θεστήτευν.
1088 657 1145 724 οὐκ
1161 655 1224 742 ἄρα
1237 653 1357 740 θεότης

256 767 416 844 όκτκστος,
444 761 533 849 ἑτέρα
551 763 637 850 παρὰ
655 763 712 847 τὴν
732 763 823 829 θείαν
845 763 897 828 καὶ
914 758 1013 846 μόνην
1027 757 1275 847 τρνσυπόσταταν
1297 758 1358 824 οδ-

256 872 347 952 σίαν,
372 865 441 935 οὔτ’
464 865 566 947 ἔσται,
594 864 651 932 κόν
666 862 777 942 πάντες
797 863 986 953 διαρραγῶσι
1008 861 1178 951 φάσκοντες
1198 867 1382 942 Haterii-5

255 992 325 1039 ται·
351 970 423 1038 οὐδὲ
439 975 523 1036 θεῶν
539 975 662 1053 πλῆθος
672 965 856 1053 Ἑλληνικόν.
889 963 906 1033 δ
926 967 985 1053 γὰρ
999 967 1038 1033 τό
1055 971 1129 1033 θεῖα
1141 961 1356 1042 πολδςἸοεείν-

143 1088 175 1143 Ρ,
188 1086 240 1146 674
255 1100 322 1160 νης,
339 1076 394 1156 ,,εί
410 1071 581 1152 πολλοδς,”
598 1073 711 1159 φησὶν,
729 1073 884 1158 »ἐροῦμεν
898 1069 1010 1150 θεοδς,
1032 1066 1148 1157 ἀνάγκη
1160 1067 1296 1155 διαφορὰ
1316 1067 1356 1133 ἐν

257 1177 371 1253 adroic.
399 1172 486 1259 όμέν
497 1175 578 1242 κατὰ
593 1171 694 1240 πάντα
707 1175 834 1254 τέλειος,
860 1163 950 1249 οὗτος
967 1171 1005 1238 όν
1021 1171 1161 1256 εἴηκατὰ
1176 1169 1278 1236 πάντα
1292 1167 1357 1253 μό-

256 1305 310 1358 νος
323 1275 415 1356 θεός·
442 1283 505 1356 πός
519 1279 553 1345 δὲ
568 1273 584 1345 ὅ
598 1282 654 1343 roni
673 1277 788 1344 τελείου
809 1273 985 1359 λειπόμενος
991 1325 1002 1356 ,
1024 1273 1046 1360 ἢ
1061 1275 1141 1342 κατὰ
1156 1270 1354 1360 όγαθότητσ,

256 1382 278 1469 ἢ
295 1383 374 1450 κατὰ
389 1385 521 1468 σοφίαν,
541 1379 562 1471 ἢ
585 1379 665 1446 κατὰ
686 1377 834 1462 δόναμεν,
856 1377 876 1464 ἢ
900 1375 979 1455 ὅλως
994 1375 1075 1444 κατό
1096 1403 1144 1460 τε,
1169 1376 1226 1444 σόκ
1242 1373 1281 1442 δν
1307 1377 1405 1462 eiquo

256 1484 342 1562 θεός.
367 1491 435 1562 πῶς
447 1485 481 1551 δὲ
501 1486 551 1550 καί
573 1487 697 1560 πολλοῖς
715 1475 784 1549 οὖσι
797 1481 833 1548 τό
849 1481 1077 1568 όπερίγραπτον
1097 1477 1356 1568 φυλαχθήσεταες

258 1587 339 1655 ἴνθα
352 1587 411 1676 γὰρ
428 1587 467 1654 ἂν
481 1586 526 1673 εἴη
542 1583 559 1652 ὁ
576 1581 618 1662 εἷς
627 1634 638 1667 ,
660 1584 768 1651 αὐτόν
783 1583 828 1669 τίη
842 1581 858 1651 ό
873 1585 984 1668 ἕτερος.
1013 1586 1106 1650 δεῖδὲ
1118 1583 1261 1652 τὸνθεόν
1277 1581 1357 1649 ἅπε-

227 1693 427 1780 Βρίγρυπτσν
447 1687 523 1756 εἶναι
543 1693 594 1756 καί
614 1683 716 1754 πόντα
737 1685 948 1772 πληροῦντα.”
982 1686 1126 1754 σκεπτίσν
1149 1679 1205 1753 σόν
1226 1685 1356 1758 κάντεῦ-

257 1803 334 1875 θεν,
360 1792 441 1870 ὅπως
457 1791 525 1870 ἑνός
538 1800 615 1858 θεοῦ
637 1788 831 1858 παντόπασιν
850 1791 1041 1875 ἀναίσθητος
1055 1793 1107 1855 καὶ
1121 1787 1224 1874 πόσης
1242 1786 1356 1884 dodae-

257 1921 313 1974 τος
333 1899 422 1972 θείας
443 1902 566 1984 γραφῇς
587 1891 604 1960 ό
627 1898 784 1978 Παλαμᾶς
810 1890 982 1978 ε’μεμενὴκεε
1005 1897 1149 1976 διηνεκῶς
1156 1941 1168 1973 ,
1201 1887 1356 1986 διάφορον
1366 1907 1403 1966 15

258 1998 366 2066 οὐσίαν
387 2001 438 2064 καί
459 1999 608 2084 ίνίργεεαν
628 1997 659 2073 ἒς
680 1995 856 2083 τούμφανὲς
878 1998 1086 2082 δογματίζων,
1117 1997 1168 2062 καί
1192 1994 1237 2078 μὴ
1258 1993 1356 2078 μόνον

256 2103 332 2186 μίαν
347 2101 464 2176 δεικνδς
476 2096 657 2184 ἑτερότητα,
683 2098 827 2164 ἀλλὰκαὶ
846 2098 1005 2184 ἀπείρους·
1032 2101 1082 2164 καί
1096 2098 1142 2184 μὴ
1157 2095 1255 2181 μόνον
1268 2097 1357 2164 duai-

260 2228 333 2288 ρους
340 2252 350 2282 ,
373 2201 453 2268 ἀλλὰ
473 2204 523 2268 καί
545 2201 722 2278 ἀκτίστους·
749 2204 799 2266 καὶ
818 2199 974 2286 μὴμόνον
992 2200 1172 2282 όκτίστσυς,
1199 2200 1283 2266 ἀλλὰ
1303 2203 1358 2266 καί

231 2308 379 2390 ομείζους
392 2307 442 2370 καί
455 2301 611 2381 ἐλάττους.
640 2301 655 2370 δ
675 2305 847 2386 δὲμείζους
868 2307 919 2370 καὶ
938 2299 1085 2381 ἐλάττους
1104 2307 1294 2390 δογματίζων
1314 2303 1357 2370 ό-

256 2411 398 2484 κτίστους
417 2405 573 2492 θεότητος
595 2403 718 2484 πάντας
739 2403 895 2491 δεόστημό
915 2431 945 2474 τε
967 2417 1033 2474 νοεῖ
1049 2404 1176 2489 μεταξό.
1202 2414 1296 2474 τοῦτο
1317 2405 1401 2481 d'an

257 2509 382 2600 ἄπειρον
405 2507 422 2578 ό
444 2517 500 2596 τῆς
514 2506 685 2597 μεσότητος
706 2505 781 2577 εἶναι
803 2508 840 2576 οὗ
858 2511 965 2578 δίδωσι
985 2505 1092 2596 λόγος·
1117 2511 1198 2596 μηδὲ
1218 2509 1277 2597 γὰρ
1297 2535 1356 2576 πε-

326 2709 369 2767 17.
384 2705 511 2779 θεότητος
526 2707 592 2766 cuni.
609 2707 692 2781 Capp.
709 2724 757 2780 pro
774 2704 930 2779 ἑτερότητα.

258 2892 369 2950 divinam
390 2893 573 2960 substantiam,
589 2893 717 2949 increatae
736 2879 886 2948 dini'nitatea
906 2893 971 2948 aliae
990 2899 1019 2948 et
1031 2893 1194 2966 operationea
1206 2889 1315 2958 statuit,
1330 2893 1355 2946 ia

258 2963 366 3020 omnium
379 2963 511 3018 creatricis
520 2963 665 3018 divinitatio
678 2964 799 3016 unitatem
813 2963 917 3017 evertit.
945 2965 1064 3036 Namque
1078 2980 1183 3036 protana
1197 2961 1356 3033 impossibiie

259 3043 309 3098 est,
323 3041 351 3086 ut
363 3033 486 3088 deitatum
498 3031 634 3086 diversitas
643 3033 668 3086 in
683 3031 844 3086 identitatem
857 3033 997 3087 naturalem
1013 3039 1095 3088 coeat.
1119 3035 1210 3102 ltaque
1220 3031 1290 3085 nulia
1305 3033 1357 3086 tuit

258 3103 306 3158 nec
315 3103 366 3155 crit
378 3119 487 3172 unquam
496 3101 613 3157 increata
623 3101 745 3156 divinitae
758 3101 818 3162 alia,
826 3108 930 3184 practer
943 3101 1088 3156 divinamet
1100 3104 1178 3156 nolam
1188 3101 1356 3154 substantiam

258 3173 287 3227 in
301 3171 385 3226 tribua
412 3171 511 3224 eraonia
525 3172 717 3234 subsistentem
735 3169 834 3223 etiamen
846 3169 988 3224 Palamitae
998 3171 1068 3226 istud
1084 3171 1231 3224 effutientea
1245 3169 1357 3222 diarum-

258 3247 361 3310 pantur.
426 3257 491 3309 eque
511 3257 574 3294 vero
592 3239 749 3294 admittenda
763 3247 803 3292 eet
823 3239 1003 3309 paganicorum
1018 3241 1129 3296 Deorum
1143 3239 1285 3296 multitudo.
1314 3239 1357 3292 lta

259 3308 326 3364 enim
340 3307 470 3376 praeclare
488 3309 567 3362 babet
580 3309 758 3362 celeberrimos
772 3309 908 3378 theologus
920 3309 948 3362 S.
963 3307 1072 3364 Ioannea
1085 3309 1270 3362 Dumaaceuua.
1305 3305 1357 3372 „Si

258 3375 380 3446 plurca,’'
397 3376 494 3446 inquit,
511 3394 589 3442 „enee
602 3375 672 3430 Deua
687 3375 843 3442 dixerimus,
861 3395 966 3431 neceaaa
981 3385 1021 3431 eat
1036 3385 1065 3432 ut
1078 3377 1130 3447 ipai
1147 3377 1217 3430 inter
1235 3395 1264 3430 ae
1279 3375 1356 3428 diue·

257 3451 324 3498 rant
360 3443 398 3497 Et
416 3445 518 3565 quidem
537 3445 604 3498 uolua
621 3445 665 3498 illc
679 3445 778 3498 omnino
793 3451 821 3500 et
836 3445 950 3500 totaliter
961 3445 1032 3501 Deua
1045 3447 1111 3512 erit,
1130 3446 1175 3516 qui
1192 3443 1310 3498 totaliter
1327 3451 1357 3498 et

258 3513 360 3568 omnino
373 3528 420 3581 per
433 3521 505 3566 ectua
518 3513 582 3566 erite
600 3515 744 3586 quicunque
759 3521 842 3568 autam
856 3531 872 3568 a
886 3532 981 3569 numme
997 3516 1111 3586 perfectu
1127 3515 1171 3568 iilo
1193 3513 1357 3584 superabitur

257 3579 394 3634 aecundum
413 3581 567 3648 bonitatem,
584 3589 628 3636 aut
647 3581 816 3652 capientium,
833 3589 878 3636 ant
892 3585 1047 3653 potentiam,
1065 3594 1110 3638 aut
1127 3584 1266 3636 secundum
1284 3583 1357 3637 aliud

260 3648 403 3719 quidpiam,
421 3647 492 3703 Deua
504 3667 553 3704 non
567 3651 626 3706 erit.
660 3651 761 3704 Deinde
774 3669 851 3717 reno,
869 3652 892 3704 ni
905 3653 978 3707 multi
990 3653 1042 3706 aiut
1053 3653 1115 3717 Dii,
1131 3653 1256 3724 quomodo
1274 3651 1357 3706 incir-

259 3717 407 3788 cumscripti
421 3719 577 3774 manebunti
601 3718 656 3772 Ubi
669 3721 735 3774 enim
749 3719 827 3773 tuerit
840 3738 916 3788 unua,
934 3721 971 3776 ibi
985 3722 1052 3776 aiter
1065 3739 1115 3775 non
1128 3721 1188 3776 erit.
1222 3721 1302 3792 Atqui
1315 3729 1357 3775 ta·

259 3803 316 3842 men
329 3805 433 3841 necesse
445 3795 486 3840 cat
494 3796 523 3841 ut
534 3787 768 3858 incircumscriptae
779 3787 898 3854 nitDeue,
916 3796 944 3844 et
954 3791 1039 3845 omnia
1050 3788 1175 3860 repleat.'’
1200 3789 1284 3861 igitur
1296 3789 1357 3844 hinc

261 3855 337 3920 etiam
351 3855 560 3910 considerandum
575 3865 629 3922 eat,
646 3857 771 3929 quomodo
787 3858 895 3912 atoiidua
909 3859 1027 3914 Palnmaa
1035 3899 1044 3928 ,
1062 3877 1145 3930 neque
1167 3877 1266 3913 sacram
1281 3857 1356 3912 Scri-

260 3932 360 4052 ppuram
373 3925 497 3980 niteamus
509 3925 669 3996 intelligens,
688 3926 823 3982 manifecte
836 3945 935 3997 semper
948 3927 1078 3984 censuerit
1093 3936 1120 3982 et
1135 3929 1265 3993 docuerit,
1280 3929 1356 3982 uniua

287 3993 311 4048 ei
329 3993 496 4049 aubatantiam
509 4001 537 4048 et
548 3995 722 4066 operationem
736 4013 752 4048 a
766 4013 795 4049 ae
811 3995 919 4051 invicem
937 3997 1058 4062 differre,
1076 4015 1159 4067 neque
1172 4013 1247 4050 unam
1263 3997 1357 4050 dunta-

258 4069 307 4120 xat
317 4063 475 4120 divinitatem
489 4063 589 4118 admitti
602 4081 618 4117 a
631 4083 660 4119 ae
672 4064 860 4126 declaraverit.
876 4065 922 4118 aed
935 4067 1063 4131 infinitam
1080 4084 1128 4120 uec
1138 4065 1253 4120 infinitae
1264 4065 1356 4130 auium,

261 4131 308 4186 aed
321 4140 349 4188 et
363 4133 507 4200 increataa3
524 4150 572 4192 nec
583 4133 754 4188 tantummodo
769 4134 908 4198 increatae,
922 4135 967 4189 aed
980 4136 1089 4190 maiorer
1104 4143 1132 4189 at
1145 4136 1262 4188 minores.
1288 4131 1358 4188 Por·

260 4217 290 4254 ro
309 4201 353 4270 qui
367 4203 475 4256 maiore·
494 4209 522 4256 et
538 4201 647 4257 mineree
665 4202 793 4258 increatae
807 4203 917 4257 deitatea
936 4204 1091 4270 introducit,
1108 4203 1261 4273 iaproiecto
1274 4203 1357 4256 inter-

261 4267 353 4334 raiium
365 4271 491 4345 quoddam
504 4273 573 4328 inter
587 4290 631 4332 aaa
646 4273 785 4344 excogitat.
819 4272 877 4328 Hoc
890 4279 974 4328 autam
988 4273 1149 4330 intervalium
1165 4271 1289 4328 infinitum
1300 4289 1356 4328 eoae
