3064 4828
292 314 370 388 770
601 322 834 394 NICEPHORI
855 323 1094 394 GREGORAE
1135 361 1138 372 v
1246 367 1248 374 ,

129 499 158 552 Δ.
171 485 374 554 mossseao’
394 485 483 572 ῆμῦν
503 483 621 575 ἕωρῦτο
630 537 641 572 ,
667 491 719 555 καί
738 488 835 554 πολύν
858 487 1012 554 ὠδίνουσα
1031 487 1085 554 τὸν
1106 486 1230 572 θυμόν,
1253 488 1305 552 καί
1323 483 1388 571 μά·

161 568 213 620 Μ’
226 567 258 624 ¹⁵
292 591 384 658 lrod'
409 589 457 656 ὅτι
479 592 529 656 καί
551 591 624 668 τοδς
638 592 931 678 παρακαθημένους
947 589 1141 675 ῦπηχοῦντας
1158 587 1216 674 εἶχε
1236 593 1286 655 καλ
1307 587 1388 678 σφό-

292 697 353 781 δρα
380 695 615 781 ἔπικροτοῦντας
639 691 878 778 κολοκικώτερον
897 692 1023 782 τρόπον.
1060 695 1107 760 διδ
1132 696 1183 760 καί
1206 699 1309 768 κακῶς
1329 695 1388 776 μὲν

291 797 394 884 άφίει,
421 796 568 882 κρατερὸν
581 797 614 862 δ’
633 799 680 862 ἐπὶ
696 803 802 882 μῦθον
816 797 948 878 ἔτελλεν,
968 797 1121 884 ἔγγραφον
1135 797 1193 881 τῆν
1204 795 1280 879 ἔμῆν
1292 795 1388 862 άπαι-

287 905 386 966 τοῦσα
399 897 522 985 γνώμην
535 901 565 963 ἔν
578 906 621 988 τῷ
637 899 746 966 αὐτίκα
753 949 764 981 ,
792 897 835 976 ὥς
850 897 887 965 dv
902 897 1100 986 βεβαιότερον
1113 898 1273 984 άντιλίγειν
1289 897 1413 982 ῆγοιενδ
1507 927 1508 960 1

257 1003 321 1070 oet
339 999 456 1086 ταύτης
475 999 653 1089 ὁμόφρονες.
696 1000 762 1092 (ς’.)
789 1006 854 1068 Καὶ
876 1003 966 1070 τοῦτ’
989 1003 1089 1084 ἔστιν,
1119 1001 1211 1070 daal
1229 1000 1287 1085 τῆν
1308 1002 1386 1086 ίμῆν
1507 1015 1508 1024 ’

288 1105 368 1194 πρδς
380 1103 514 1192 ἀνάγκας
529 1105 603 1182 ἔσως
616 1103 820 1194 άντιρῥῆσεων
834 1105 937 1191 ῆνεγκε
951 1112 1106 1192 γλῶτταν,
1124 1107 1218 1170 ἐνίοτε
1234 1106 1285 1170 καί
1301 1105 1385 1170 ἔνια-

285 1215 345 1294 χοῦ
359 1205 445 1292 μάλα
457 1234 504 1275 τοι
518 1207 642 1295 σφόδρα
655 1212 797 1295 γενναίως
810 1211 858 1274 ἔπὶ
872 1215 916 1298 τῷ
930 1211 1064 1298 θεμελίῳ
1083 1215 1139 1293 τῆς
1153 1207 1319 1291 δεδομένης
1333 1207 1383 1274 εῦ-

288 1315 408 1395 σεβείας
424 1315 577 1378 ἵστασθαι
593 1319 816 1398 παραινοῦντος
831 1313 903 1388 τούς
921 1309 1124 1397 προσιόντας,
1147 1313 1198 1375 καί
1212 1310 1294 1394 μηδ’
1312 1309 1385 1398 άχρι

286 1422 417 1502 στιγμῆς
439 1425 508 1490 ταῖς
528 1414 688 1498 τηνικαῦτ’
718 1412 973 1494 ἔπιπολαζούσαις
994 1416 1211 1501 καινοφωνίαις
1230 1416 1383 1498 ίγκλίνειν,
1395 1427 1429 1480 1⁰

286 1519 497 1602 μεμνημένους
517 1524 579 1584 τιῦν
602 1517 796 1602 εύαγγελικιῦν
820 1543 852 1583 τε
870 1520 920 1583 καὶ
937 1518 1147 1584 άποστολικῶν
1167 1517 1385 1602 παραινέσεων·

256 1625 338 1687 Euat
352 1620 411 1688 ὅσα
427 1618 551 1705 ὃμίγας
566 1621 598 1686 ἔν
612 1623 757 1711 θεολογίρι
771 1625 801 1688 Γ
799 1618 956 1708 ρηγόριος,
982 1621 1015 1698 ἔς
1028 1620 1086 1698 τάς
1102 1617 1212 1703 ὁμοίας
1226 1621 1387 1703 ἐμπεπτω-

287 1726 349 1800 κὼς
368 1721 559 1809 περιστάσεις
573 1731 629 1809 τῆς
645 1726 815 1808 ἐκκλησίας,
836 1725 992 1801 δείξασιν·
1017 1720 1132 1808 ,,ῆμει”ς
1146 1720 1268 1811 (λόγων)
1291 1723 1321 1787 oi
1334 1724 1387 1786 καί

286 1828 374 1912 μέχρι
387 1835 443 1912 τῆς
455 1825 607 1911 τυχούσης
621 1829 743 1914 κεραίας
757 1830 808 1894 καλ
817 1835 961 1912 γραμμῆς
973 1833 1029 1894 τοῦ
1042 1823 1214 1909 πνεύματος
1227 1825 1284 1910 τὴν
1297 1824 1386 1912 dspi-

286 1937 374 2015 βειαν
401 1932 537 2006 ἑλκονιες
559 1929 669 1996 ούποτε
694 1927 847 2011 δεξόμεθα
876 1928 928 2018 (οῦ
950 1923 1009 2018 γάρ
1030 1927 1127 2015 ὅσιον)
1152 1928 1224 1996 οὐδὲ
1241 1929 1430 2004 valedio-15
1507 1931 1508 1992 l

282 2035 394 2118 χίστας
414 2029 539 2119 πράξεις
557 2036 621 2116 εἰκῆ
642 2035 879 2116 σπουδασθῆναι
901 2044 966 2110 τοῖς
986 2031 1205 2122 άναγράψασι,
1233 2031 1387 2116 καὶμέχρι

285 2142 342 2201 τοῦ
358 2132 511 2224 παρόντος
522 2132 628 2222 μνήμῃ
644 2139 855 2219 διασωθῆναι·
874 2137 943 2201 ἀλλ’
958 2137 1002 2202 ἔν’
1016 2133 1102 2222 ῆμεῖς
1116 2135 1229 2220 ἔχωμεν
1242 2131 1387 2219 ῦπομνῆ-

184 2245 218 2302 V.
226 2247 276 2304 ³91
283 2262 371 2323 psoras
386 2239 436 2302 καί
454 2235 647 2320 παιδεύματα
663 2245 720 2322 τῆς
735 2245 797 2304 τιῦν
813 2235 945 2322 ὁμοίων,
971 2240 1003 2305 εέ
1012 2265 1086 2306 ποτε
1104 2237 1255 2320 συμπίσοι
1265 2237 1384 2324 καιρός,

256 2341 491 2422 Ε’διασκίψεως·
519 2338 597 2406 ὥστε
620 2341 660 2406 τά
680 2343 738 2424 μὲν
755 2339 895 2428 φεύγειν,
918 2342 959 2408 τά
980 2342 1013 2408 δ’
1038 2342 1212 2429 αἱρεῖσθαι,
1240 2337 1304 2406 οἷον
1326 2365 1387 2406 κα-

280 2441 349 2512 νόσι
362 2445 423 2510 τισὶ
438 2447 489 2510 καί
503 2441 627 2526 τύποις,
649 2454 715 2520 τοῖς
734 2450 944 2531 προλαβοῦσα
963 2442 1104 2528 ἑπόμενοι
1117 2445 1342 2530 παραδείγμασι
1352 2443 1431 2514 ”⁹20

281 2549 333 2614 καί
355 2545 415 2614 ὅσα
436 2543 549 2630 ὁμοίως
574 2545 591 2614 δ
613 2547 708 2635 μίγας
729 2550 891 2624 Βασίλειος
910 2549 943 2614 ἓν
960 2554 1006 2638 τῷ
1027 2551 1095 2635 περὶ
1117 2549 1246 2623 πίστεως
1269 2545 1386 2632 ἔφασκε
1507 2545 1508 2554 ’

281 2649 374 2740 λόγῳ,
396 2651 558 2742 φείδεσθαι
571 2657 729 2734 παραινῶν
741 2653 792 2716 καί
804 2648 1041 2734 τιῦνόνομάτων
1053 2649 1074 2735 ῆ
1088 2646 1235 2738 ῥημάτων
1251 2651 1385 2729 ἐκείνων,

206 2793 210 2805 =
280 2751 414 2832 ῦλέξεσι
430 2754 487 2837 μὲν
501 2753 558 2820 οῦκ
577 2754 739 2842 ἔμφίρεται
755 2761 794 2843 τῆ
814 2756 888 2846 θείη
901 2760 1007 2843 γραφῇ
1014 2803 1025 2836 ,
1047 2749 1185 2820 διάνοιάν
1197 2778 1230 2838 γε
1241 2753 1304 2837 μὴν
1323 2751 1385 2817 αῦ-

283 2949 389 3007 olierari
401 2947 458 3004 visa
470 2954 520 3033 et,
536 2955 564 3003 et
576 2951 679 3004 multam
692 2949 756 3004 iram
770 2949 914 3022 parturire,
932 2949 1011 3020 idque
1023 2967 1054 3004 eo
1064 2951 1181 3016 marium,
1218 2950 1267 3003 nod
1282 2949 1327 3020 qui
1339 2967 1386 3004 as·

283 3021 403 3076 sidebant
419 3019 445 3074 ei
462 3027 623 3084 accruereut,
641 3026 668 3073 et
680 3019 815 3074 immodica
828 3019 974 3074 adulatione
989 3019 1179 3090 applauderent.
1228 3020 1314 3077 doiroo

469 3088 634 3158 Dimittitque
645 3091 773 3172 superbe,
791 3089 913 3160 additque
927 3089 998 3142 haud
1014 3087 1098 3142 mollia
1113 3089 1193 3154 iussa,

282 3175 363 3214 meam
376 3162 406 3212 ut
417 3159 567 3211 senteutiam
581 3159 715 3212 confestam
728 3159 826 3229 scripto
839 3158 969 3212 traderem
982 3157 1138 3227 efflagitans,
1155 3176 1206 3228 quo
1220 3161 1325 3227 possent
1337 3157 1386 3212 lir-

282 3229 348 3282 mius
361 3227 540 3280 contradicere
553 3227 582 3290 ii,
594 3229 638 3296 qui
655 3245 709 3280 curn
723 3229 899 3282 assentirent.
934 3227 1009 3346 dm
1027 3230 1110 3297 Atque
1122 3227 1185 3280 illud
1201 3227 1323 3280 videlicet
1335 3245 1386 3280 ne-

282 3295 411 3350 comitatis
428 3297 496 3360 luit,
513 3295 580 3378 quod
596 3304 623 3348 et
640 3313 681 3348 me
698 3296 781 3365 ipsum
799 3297 832 3348 ad
851 3301 939 3349 contra
958 3295 1073 3348 ioenduns
1088 3295 1205 3366 impulit,
1221 3314 1276 3349 cum
1292 3295 1387 3350 obvios

281 3381 413 3434 quosque,
435 3371 465 3417 ut
481 3365 527 3416 relr
548 3363 614 3416 'ouis
630 3364 811 3417 sibi·traditae
829 3364 1001 3417 fundamentis
1019 3365 1167 3418 insisterent
1185 3381 1277 3433 magno
1298 3365 1386 3418 animo

281 3449 460 3500 nonnunquam
473 3439 501 3484 at
515 3432 608 3484 sicubi
629 3433 763 3496 hortarer,
779 3440 859 3500 atque
873 3442 901 3486 ut
918 3451 951 3486 ne
987 3441 1062 3486 uncto
1078 3433 1179 3502 quidem
1193 3441 1267 3487 tenus
1280 3432 1313 3484 ad
1327 3450 1384 3497 aas,

282 3517 351 3571 quae
365 3507 420 3552 tum
437 3499 598 3569 gliscebant,
616 3500 759 3572 opinionum
776 3502 904 3554 novitates
920 3451 1091 3566 declararent,
1108 3501 1155 3554 sed
1170 3507 1199 3554 ut
1219 3501 1387 3570 evangelicas

281 3577 310 3623 st
320 3567 474 3639 apostolicas
487 3567 671 3621 admonitiones
688 3569 919 3633 remmiscerentur,
937 3577 965 3622 et
973 3583 1044 3642 ‘quae
1057 3589 1164 3640 magnus
1177 3571 1321 3639 theologiae
1334 3569 1387 3622 do-

281 3645 339 3692 ctor
352 3638 497 3707 Gregorius
511 3637 640 3702 disseruit,
652 3654 709 3690 oum
721 3638 749 3689 in
761 3638 852 3691 similia
863 3639 997 3707 religionis
1010 3647 1124 3708 tempora
1137 3637 1279 3692 incidisset.
1305 3639 1387 3704 „Nos

279 3705 1279 3844 lttfflllgltltlitll.stltlttllssltlltdstillabant}
1294 3725 1387 3830 iiiii

279 3841 389 3898 miraimis
409 3843 476 3897 actis
497 3813 676 3908 recensendis,
699 3793 835 3915 ediumque
853 3844 972 3898 memoria
993 3795 1028 3898 ad
1047 3863 1170 3916 praesens
1188 3863 1270 3916 usque
1282 3851 1387 3914 tempus

280 3912 466 3976 menende,
484 3918 581 3966 temere
594 3913 741 3966 elaborasse
753 3931 806 3978 eos,
821 3915 866 3982 qui
880 3915 1051 3982 scripseruut3
1070 3914 1116 3968 sed
1130 3931 1160 3966 eo
1173 3921 1203 3966 ut
1214 3932 1261 3967 nos
1274 3915 1387 3968 habera-

280 3999 335 4036 mus
348 3979 502 4035 monimenta
515 3989 544 4034 et
556 3982 717 4045 documenta,
735 3983 829 4051 quibus
841 3984 868 4036 in
883 3981 1001 4036 similium
1015 4001 1099 4036 rerum
1116 3983 1279 4048 αοοιοιίοοε,
1297 3981 1386 4035 siun-

281 4067 356 4120 quam
372 4050 498 4104 inciderat
512 4052 623 4116 occasio,
635 4057 777 4104 uteremurr
795 4053 834 4106 its
845 4059 875 4106 ut
888 4051 1029 4122 praeterita
1044 4052 1159 4122 exempla
1172 4058 1215 4105 tau
1234 4069 1291 4104 uam
1303 4067 1388 4120 regu·

279 4119 320 4174 las
333 4125 362 4173 et
375 4120 531 4190 archetypos
545 4121 618 4173 uobis
633 4119 812 4190 proponendo,
829 4121 895 4174 haec
908 4119 1009 4190 quidem
1023 4121 1184 4189 fugeremus,
1201 4069 1246 4172 illa
1259 4136 1321 4173 vere
1335 4119 1387 4172 eli-

279 4187 430 4258 geremus”=
448 4197 555 4259 atquae
570 4189 668 4259 pariter
682 4206 788 4258 magnus
796 4190 910 4243 Basilius
924 4189 1067 4259 disputavit
1082 4191 1110 4242 in
1124 4207 1172 4254 ea,
1185 4206 1260 4258 quam
1274 4186 1387 4242 dellida

280 4257 398 4328 scripsit,
411 4258 543 4312 orationes
580 4257 715 4312 arcendum
724 4275 830 4313 monens
844 4258 878 4312 iis
891 4275 994 4329 quoque
1008 4257 1152 4311 nominibus
1167 4258 1297 4321 stvsrbis,
1313 4273 1387 4326 quae

279 4325 307 4378 in
318 4342 395 4380 saara
405 4327 543 4398 Scriptura
559 4276 657 4383 diserto
672 4324 774 4400 quidem
787 4333 815 4383 et
830 4345 954 4400 expressa
966 4343 1017 4382 non
1031 4331 1149 4393 astant,
1166 4325 1218 4382 vim
1230 4331 1314 4382 autem
1325 4341 1386 4380 eam
