2994 4830
349 318 583 402 nisuomad
602 331 882 404 animumne
904 335 991 403 xm.
1012 345 1040 408 o.
1170 329 1243 401 ooo

139 505 206 564 τῶν
229 495 384 582 ἐπισήμων
400 494 442 560 ἐπὶ
457 497 618 582 παραδοδς
643 499 689 563 ἐπλ
710 498 861 587 Βέρροιαν
880 498 1015 584 direptos,
1043 501 1245 588 παραγγείλας
1262 517 1324 567 A.c.
1338 511 1406 568 134³

141 601 216 686 άχρι
240 607 332 688 τριῶν
365 603 428 664 ἐκεῖ
450 603 694 686 παραδείξαντος
716 599 845 679 ἐαυτοδς
872 599 995 688 ἡμερῶν
1020 601 1077 686 τὴν
1099 583 1406 706 ταχίστηνιωίέοῗίξΨ

141 705 305 769 ἐπανιέναι.
336 702 450 789 οὐγὰρ
471 700 642 788 δράσαντάς
663 729 692 768 τι
708 715 844 789 γενναῖον
864 713 946 792 σφᾶς
969 703 1154 792 ἐπεπόμφει·
1182 713 1244 774 τῶν

97 805 100 810 ’
137 807 200 892 γάρ
228 803 396 890 ἀμηχάνων
408 801 442 870 ’ἐν
463 805 558 872 ἐδόκει
574 806 665 872 τοῦτ’
689 807 791 896 αὐτῷ·
817 808 890 874 ἀλλ’
907 807 982 874 ὅσον
995 807 1039 891 μὴ
1054 815 1243 894 φωραθῆναι

111 909 199 993 ὁτὴν
216 907 330 974 τούτου
354 911 468 974 δειλίαν
491 921 558 986 τοῖς
582 911 743 986 πλείστοις.
770 915 828 976 τοῦ
839 909 897 999 γάρ
911 937 958 977 τοι
972 909 1114 997 θράσους
1132 912 1272 1003 άνδρίρΕ

138 1015 189 1076 καὶ
203 1008 306 1098 τόλμῃ
320 1017 468 1098 πολεμικῇ
494 1024 643 1077 συνοικεῖν
665 1013 787 1096 οὐδαμῆ
810 1014 998 1098 δυναμένου,
1026 1020 1092 1089 πῶς
1117 1012 1156 1079 ἂν
1184 1015 1242 1078 αὖ·

135 1116 209 1195 τὰς,
235 1114 356 1197 μακρόν
379 1117 436 1197 μέν
461 1117 492 1178 ἐν
511 1123 550 1202 τῇ
574 1113 694 1201 γλώττῃ
715 1115 750 1180 sd
772 1114 895 1202 θράσος
918 1116 1011 1200 ἐχων,
1047 1119 1243 1204 μακροτέραν

138 1217 173 1282 δ’
195 1221 227 1282 ἐν
241 1224 280 1303 τῇ
296 1225 383 1304 ψυχῇ
397 1217 455 1302 τὴν
476 1220 605 1298 δειλίαν,
631 1219 869 1304 γεγυμνωμένοις
884 1221 999 1306 ’ξίφεσιν
1020 1217 1147 1304 ἢαδτός
1160 1222 1242 1286 ποθ’

139 1317 331 1403 ὁμιλήσειεν,
366 1319 387 1404 ἢ
420 1323 546 1386 πείσειεν
568 1319 698 1403 ι’ίλλους,·
735 1328 856 1387 θάττον
875 1321 990 1404 μεντᾶν
1013 1328 1069 1388 τοῦ
1099 1319 1243 1404 σιόματος

96 1424 411 1509 λοάπορρηγνυμένην
424 1421 573 1488 θεάσαιτο
586 1423 642 1509 τὴν
654 1424 759 1507 ψυχὴν
768 1473 777 1504 ,
805 1423 825 1509 ἢ
842 1424 1089 1513 συρρηγιυμένου
1107 1426 1243 1508 πολέμαυ

138 1523 279 1611 πάταγον
295 1524 398 1591 ὅπλων
419 1523 583 1592 άκοόσειεν.
637 1525 705 1614 (Γ.)
728 1527 809 1592 Ἐπεὶ
829 1531 932 1594 τοίνυν
953 1528 1270 1616 πεπαρρησιασμένῃῑε

136 1627 224 1716 μάχῃ
240 1627 295 1694 adr
310 1629 454 1711 πολέμιον
469 1629 524 1693 οὐκ
542 1631 613 1713 ἐνῆν
627 1626 895 1714 κατεργάσασθαι,
923 1631 1001 1717 πρός
1015 1631 1077 1706 τὰςΙ
1091 1633 1123 1695 ἐν
1139 1639 1243 1719 κρυφῇ

138 1729 289 1815 συνήθεις
316 1724 410 1807 αὖθις
439 1731 549 1814 ἔβλεψε
575 1731 717 1816 μηχανάς
748 1735 798 1795 καὶ
828 1732 901 1809 rode
921 1736 1095 1816 λαθραίους
1119 1730 1238 1809 δόλους.

138 1832 268 1917 κάπειδή
283 1857 316 1918 γε
340 1831 462 1918 ἠκηκόει
482 1834 539 1920 τὴν
553 1835 706 1916 βασιλέως
719 1837 817 1900 οίκίαν
837 1832 912 1900 εἶναι
926 1836 1011 1916 παρὰ
1024 1835 1060 1902 τό
1074 1845 1172 1918 τεῖχος
1187 1843 1243 1919 τῆς
1325 1889 1327 1896 ,

97 1951 131 2004 15
139 1935 259 2012 πόλεως
274 1937 378 2002 ἐνδον·
393 1935 455 2023 ἀφ’
472 1929 510 2022 ἧς
524 1935 642 2014 ἐξιόντα
654 1938 850 2020 τὸνβασιλέα
866 1940 933 2023 περὶ
947 1939 1046 2022 μέσας
1058 1963 1118 2002 που
1129 1936 1242 2015 νόκτας

136 2039 356 2126 μεμονωμίνον
382 2065 415 2104 τε
445 2043 495 2104 καί
519 2038 696 2126 ἀφύλακτον
729 2037 771 2116 ὥς
800 2041 840 2106 τά
867 2041 967 2107 πολλὰ
992 2051 1182 2129 περισκοπεῖν
1208 2043 1256 2108 ἐκ·
1347 2045 1350 2054 “

137 2151 202 2209 τῶν
219 2140 393 2221 ἐπάλξεων,
422 2145 449 2206 εἶ
464 2145 574 2210 ἐπίοιεν
589 2142 704 2221 ἔξωθεν
718 2143 751 2209 αἶ
764 2149 827 2210 τῶν
841 2142 1016 2210 ἀντιπάλων
1032 2141 1176 2226 δυνάμεις
1190 2147 1240 2210 καὶ
1248 2151 1278 2206 Ρ.
1285 2151 1337 2211 418

138 2246 223 2322 ὅπως
247 2243 285 2310 άν
307 2241 513 2331 ἐγρηγόρσεως
534 2247 628 2329 ἐχοιεν
651 2247 681 2314 ολ
700 2247 758 2331 τὴν
773 2243 861 2313 πόλιν
883 2247 1010 2313 ἐνδοθεν
1024 2254 1257 2335 φρουροῦντες·
1348 2283 1357 2300 ·

139 2346 208 2416 ὅσοι
222 2373 255 2414 τε
272 2348 328 2424 τιλς
344 2348 423 2413 κατὰ
436 2349 533 2432 μέσην
549 2348 605 2433 τὴν
626 2347 714 2416 πόλιν
728 2349 849 2416 ἐνοπλοι
875 2347 1036 2438 περιῄεσαν
1057 2350 1165 2437 ιλγυιιλς
1189 2353 1340 2428 solunge

97 2451 211 2521 λοὸσοι
233 2449 336 2516 πάντα
357 2447 473 2538 πάργον
494 2453 545 2516 καί
570 2459 633 2517 πᾶν
655 2449 837 2537 ἡμιπόργιον
859 2450 1111 2538 διαλαγχάνοντις
1124 2465 1243 2541 φωναῖς

139 2551 383 2637 ἅλλεπαλλήλοις
402 2553 442 2618 τὰ
454 2553 612 2646 νυκτερινὰ
626 2561 873 2642 παρεμετροῧντο
887 2553 1100 2640 διαστήματα·
1126 2563 1243 2622 πολλοῦ

139 2683 224 2734 τινος
240 2659 366 2743 ἐπρίατο
381 2663 500 2739 μισθοῦ
518 2663 580 2724 τῶν
596 2657 717 2745 εὐφυῶς
737 2655 868 2741 ἐχόντων
879 2666 937 2743 τῆς
951 2663 1073 2742 τοξικῆς
1086 2655 1258 2742 ἀσκήσεως·

140 2761 193 2826 ἵνα
217 2760 289 2826 τινὰ
294 2809 305 2841 ,
342 2761 393 2824 καὶ
416 2765 527 2826 τοῦτον
554 2763 596 2836 είς
618 2759 770 2848 Βίρροιαν
792 2761 920 2845 πίμυιας
943 2761 1023 2826 κατὰ
1044 2761 1080 2826 τὸ
1111 2761 1243 2844 λεληθὸς

207 2935 236 2995 4.
252 2937 295 3008 μαλ’
311 2938 384 2992 boia.
402 2955 449 3010 pro
461 2943 519 3009 μὀι.

138 3091 281 3146 exercitum
293 3097 375 3145 autem
388 3093 430 3144 nni
445 3109 478 3145 ex
490 3091 644 3163 primoribus
655 3091 813 3146 commissum
824 3092 980 3146 Berrboeam
994 3091 1079 3155 mislt3
1097 3107 1190 3160 praece
1208 3089 1244 3142 lt·

175 3179 206 3227 e,
224 3167 357 3231 postquam
369 3179 397 3214 se
414 3161 467 3214 illic
505 3179 533 3214 er
549 3170 604 3216 tres
616 3162 673 3213 dies
688 3168 876 3224 ostentassent,
892 3168 922 3213 ut
935 3161 1052 3214 redirent
1069 3175 1144 3229 quam
1201 3175 1243 3210 or-

137 3248 213 3284 nme.
255 3229 316 3282 Non
338 3229 403 3282 enim
423 3239 454 3284 ut
474 3179 506 3282 di
527 3230 569 3282 uid
592 3229 717 3298 praeclari
738 3231 869 3294 lacerent,
892 3247 937 3283 eos
958 3229 1078 3291 miserat3
1108 3227 1153 3298 qui
1172 3227 1242 3280 nullo

137 3301 215 3353 modo
229 3297 291 3350 fieri
308 3297 335 3350 id
352 3315 426 3370 poase
444 3299 623 3362 existumabat,
641 3299 687 3352 sed
702 3307 731 3352 ut
748 3317 780 3351 ne
797 3317 813 3352 a
827 3297 955 3370 plerisque
974 3297 1096 3350 timiditas
1117 3297 1173 3350 eius
1192 3296 1242 3348 de-

138 3367 352 3438 prehenderetur.
388 3367 525 3422 Enimvero
542 3369 564 3420 si
583 3369 650 3422 nulla
668 3385 726 3421 ease
741 3375 829 3437 potest
843 3367 1006 3436 arrogantiae
1019 3383 1076 3419 cum
1090 3365 1242 3418 fortitudine

139 3445 170 3490 et
181 3437 277 3490 bellica
291 3437 500 3504 magnanimitate
514 3437 639 3498 societaa;
658 3437 782 3506 quomodo
797 3437 849 3501 ille,
868 3437 908 3489 cui
922 3445 1020 3489 tanturn
1033 3435 1157 3503 inlingue
1169 3450 1242 3486 arro-

193 3507 248 3558 tise
266 3514 338 3568 erat,
362 3505 488 3558 inanimo
507 3513 590 3559 autem
611 3505 756 3559 timiditatis
773 3505 851 3558 multo
869 3506 940 3575 plus,
956 3505 1059 3558 nudatis
1077 3503 1180 3557 ensibus
1197 3509 1243 3556 aut

136 3591 198 3644 apae
212 3573 381 3638 interfuisset,
395 3581 440 3626 ant
452 3575 509 3627 allis
521 3582 550 3628 ut
561 3575 716 3628 interessent
727 3574 916 3642 persuasisset?
933 3575 1017 3627 Citius
1029 3574 1144 3642 prolecto
1158 3589 1242 3626 erum-

138 3653 245 3715 pentem
265 3658 374 3711 corpore
388 3643 495 3696 animam
507 3644 632 3707 vidisset,
649 3661 723 3714 quam
736 3645 763 3696 in
779 3643 839 3696 belli
857 3644 977 3696 conflicto
994 3643 1104 3695 sonitum
1119 3641 1243 3694 audiisset

138 3727 278 3766 armorum.
313 3711 390 3778 (ΙΙΙ.)
405 3712 474 3774 Quia
488 3711 569 3780 igitur
581 3721 671 3782 aperto
686 3713 771 3765 Marte
785 3713 881 3764 bostem
896 3712 1036 3782 profligare
1049 3711 1117 3764 baud
1132 3717 1242 3780 poterat,

139 3781 174 3834 nd
191 3797 253 3832 suas
266 3780 326 3831 illas
342 3780 425 3831 denuo
440 3783 552 3834 occultas
568 3790 637 3834 artes
654 3789 681 3834 et
694 3783 818 3834 obscuros
831 3781 903 3834 dolos
920 3780 1042 3848 respexit.
1076 3779 1180 3832 Etcum
1197 3795 1244 3831 au·

140 3849 254 3902 divisset
269 3847 433 3918 imperatoris
447 3849 545 3902 domum
558 3849 632 3902 iuxta
647 3867 731 3902 muros
746 3849 820 3910 sitam
834 3851 861 3901 in
876 3850 939 3903 urbe
956 3867 1031 3912 esse,
1047 3865 1130 3917 eaque
1142 3847 1243 3902 solitum

139 3919 211 3970 illum
223 3919 314 3987 egredi
330 3918 400 3969 circa
413 3918 510 3970 medias
526 3925 615 3972 noctes
628 3919 716 3982 solum,
734 3935 764 3972 ac
776 3918 924 3987 plerumque
936 3917 1133 3979 incustoditum,
1151 3923 1182 3968 ut
1192 3916 1243 3967 oir-

139 3987 316 4070 cumspiceret
333 4005 349 4038 e
366 3987 578 4055 propugnaculis,
599 3988 805 4056 explorataque,
820 4003 878 4040 num
891 3987 1052 4040 extrinsecus
1071 3985 1180 4038 boatium
1201 4001 1246 4045 co-

140 4055 201 4126 piae
219 4061 388 4124 ingruerent3
405 4065 433 4107 et
446 4073 497 4138 qna
511 4057 644 4126 vigilantia
664 4058 752 4109 urbem
767 4056 835 4108 intus
854 4055 1012 4110 custodirent
1029 4055 1085 4106 sire
1095 4054 1124 4117 ii,
1139 4051 1182 4120 qui
1198 4068 1246 4120 per

139 4125 231 4178 urbem
248 4123 356 4177 mediam
375 4133 465 4176 armata
481 4123 678 4178 obambulabant
697 4131 725 4178 et
740 4124 796 4176 vias
811 4123 990 4188 cirmmibsnt,
1008 4124 1066 4176 sive
1079 4122 1108 4185 ii,
1126 4121 1170 4189 qui
1189 4127 1247 4172 tur·

139 4191 189 4246 rim
203 4191 347 4262 ‹pnamlibet
366 4200 411 4245 out
427 4193 576 4250 turriculam
591 4193 693 4256 sortiti,
711 4192 810 4245 crebris
828 4193 978 4245 clamoribus
994 4209 1052 4246 sese
1071 4197 1158 4242 mutuo
1177 4205 1248 4244 com·

140 4263 284 4332 pellentes,
302 4267 427 4314 nocturna
445 4261 581 4316 intervalla
598 4261 782 4326 metiebantur3
803 4279 896 4332 magna
913 4260 1030 4313 mercede
1046 4258 1170 4327 quendam
1185 4275 1247 4311 oon·

141 4331 261 4384 duriter
280 4329 330 4394 iis,
342 4332 386 4400 qul
404 4329 558 4400 singularem
572 4330 669 4385 habent
685 4330 719 4385 ad
732 4331 892 4384 uomendum
908 4327 1202 4394 manutenementum,
1219 4335 1247 4384 et
