2966 4826
259 225 263 245 1
316 272 417 356 ’1064
708 291 1064 362 ANNO'I'ATIONES.

313 445 546 512 misericordium
569 462 742 512 οοαετοασαε
761 445 813 509 sed
833 465 976 534 quantum
1001 473 1017 511 e
1035 451 1168 532 peccatis
1187 475 1316 533 magere
1331 465 1400 532 potul

313 548 430 596 tantum
459 536 547 594 etium
573 531 760 615 progreditur
788 531 831 594 nd
856 533 984 610 luctum,
1015 551 1043 594 et
1063 558 1120 618 pro
1146 539 1192 597 sui
1213 535 1302 600 luctus
1317 532 1399 596 noddo

314 617 533 680 misericordiae
556 616 785 679 consolationem
812 618 939 696 obtinet,
969 623 1015 680 itu
1033 619 1188 681 ursileo
1209 620 1400 706 instutsjuer't

314 701 464 766 humiliter
489 705 662 790 immorata,
691 723 790 763 omnes
816 705 934 764 unimur
956 705 1083 790 offertus
1109 723 1271 768 commutet.
1309 707 1399 776 casura,

275 833 278 845 .
315 809 393 870 quse
410 788 547 870 proxime
563 788 806 867 subsequuntur,
830 789 962 851 eiusdem
986 791 1153 869 argumenti
1167 787 1310 870 κεφᾶίαεα
1323 791 1398 851 ouius

313 875 462 936 Autimet
474 874 570 934 lector
585 871 619 936 ἐκ
629 877 686 937 τοῦ
700 873 869 956 κρασπέδου
884 871 917 938 ri
932 871 1071 954 iocoue.
1111 897 1229 938 servm.

401 963 473 1042 Pur·
496 961 569 1034 667,
592 965 644 1025 22.
680 951 771 1024 Ἦκεν
795 957 819 1041 ἡ
842 961 1032 1044 προθεσμία]
1061 961 1138 1024 Iunii
1162 963 1226 1024 dies
1246 961 1297 1026 XL
1313 971 1342 1022 ut
1357 977 1400 1016 nn

314 1045 520 1106 ostendemus.
562 1061 676 1106 sorvis.

400 1134 472 1213 Pog-
494 1130 566 1204 669,
587 1133 617 1194 9.
655 1125 799 1206 Ἑστὲρας
816 1151 850 1211 γε
870 1125 932 1209 μην
961 1124 1083 1209 ἰούσης,
1104 1127 1139 1194 od
1158 1131 1287 1214 θέατρον
1306 1120 1399 1192 tutin

312 1215 365 1281 stul
379 1214 396 1280 δ
409 1216 464 1295 μὲν
477 1210 621 1298 Βαρίαδμ
640 1219 713 1288 eto]
740 1213 890 1274 Caeterum
910 1215 964 1274 sub
988 1237 1133 1296 uesperam
1154 1213 1340 1298 spectaculum
1354 1205 1400 1270 llll

313 1298 481 1362 absolutum
503 1315 554 1362 est.
596 1299 648 1361 Ac
666 1295 845 1359 Barlaamus
861 1297 978 1382 quidem
1001 1311 1061 1363 ete.
1104 1302 1150 1360 Itu
1168 1301 1344 1372 vertendum,
1360 1315 1399 1364 ttb

314 1397 349 1446 ut
363 1387 500 1448 vertebat
516 1385 657 1447 Wolfius:
682 1380 831 1445 Caeterum
846 1382 900 1444 sub
916 1407 1065 1466 uesperam
1078 1385 1247 1468 spectaculo
1260 1383 1309 1446 ilio
1320 1377 1399 1442 oluit·

313 1487 360 1546 to,
375 1468 565 1532 'Barlaamus
580 1469 772 1553 ignominiam
795 1465 881 1528 iliam
903 1469 1204 1556 grauissimeferens‚
1223 1463 1400 1553 plenisueliris

313 1552 438 1616 Italiam
458 1555 551 1634 ubiit5
574 1573 700 1635 quorum
715 1553 875 1612 verborum
893 1553 943 1614 bic
962 1555 1084 1616 videtur
1101 1576 1164 1616 esse
1178 1577 1294 1632 sensus,
1313 1547 1400 1612 Bulot-

313 1663 393 1700 rnnm
405 1663 440 1702 ea
451 1643 517 1724 ipsa
531 1638 587 1712 die,
610 1661 670 1722 qua
686 1634 851 1700 Concilium
868 1637 1000 1698 lubitum
1018 1643 1066 1713 eit,
1087 1639 1185 1722 plenis
1197 1639 1268 1702 uelis
1284 1631 1399 1698 inltcllffl

313 1725 437 1804 obiisse,
459 1727 492 1786 id
508 1726 590 1806 quod
606 1735 642 1784 ut
656 1723 820 1784 absurdum
835 1725 875 1783 its
892 1725 982 1783 etium
999 1726 1107 1786 falsum
1123 1735 1177 1786 est.
1209 1727 1321 1785 Constet
1329 1721 1400 1799 quippe

312 1811 500 1872 Borlssmum
517 1831 557 1872 ex
578 1831 613 1870 eo
634 1808 819 1889 aliquamdiu
836 1809 973 1888 Byzantii
991 1811 1178 1886 substitisse,
1201 1831 1256 1872 nec
1273 1812 1302 1868 in
1318 1804 1400 1887 pauiu

313 1915 467 1958 reversum
481 1917 562 1971 esse,
584 1895 640 1956 nisi
658 1905 728 1976 post
744 1893 858 1953 obitum
882 1895 1047 1956 Andronici
1064 1895 1203 1956 iunioris.
1245 1892 1401 1956 viderur·

313 2003 382 2042 cuz.
394 1981 447 2042 lib.
461 1983 500 2042 ΙΙ.
515 2002 580 2062 esp.
594 1982 658 2043 XL.
672 1998 738 2060 psg.
753 1983 825 2046 386.
868 1999 982 2040 uosvis.

399 2073 474 2148 Pag.
498 2069 572 2141 559,
596 2071 644 2130 16.
677 2063 794 2127 ”Eleus
818 2067 857 2150 τῇ
877 2061 1037 2148 ὑστεραίᾳ]
1071 2065 1221 2126 Postridie
1248 2062 1347 2124 scilicet
1365 2055 1400 2116 eiu

312 2150 392 2222 diei,
424 2171 486 2230 quo
508 2149 673 2210 Concilium
694 2146 831 2207 hobitum
852 2149 960 2211 suerat.
1002 2149 1108 2229 Itnque
1131 2151 1295 2210 Concilium
1313 2145 1400 2206 habitus

312 2243 359 2293 est
372 2236 420 2294 dis
434 2235 512 2294 lunii
527 2235 579 2294 Xl.
621 2233 695 2292 Nuus
711 2233 787 2294 obiit
801 2235 963 2312 imperator
978 2233 1026 2294 die
1042 2235 1118 2296 lunii
1131 2237 1197 2296 XV.
1212 2257 1280 2296 cum
1293 2233 1344 2292 dies
1356 2247 1400 2308 que

311 2328 383 2378 tuor
397 2320 554 2379 continuos
570 2338 657 2398 aeger
673 2317 883 2396 decubuisset,
905 2321 1049 2380 utstatim
1068 2323 1254 2382 ostendetur.
1291 2333 1378 2378 sumt.

399 2408 471 2486 Peg·
494 2405 566 2480 560,
590 2410 620 2470 1.
661 2397 729 2466 Ἐκί
740 2405 844 2486 τρίτην
856 2399 942 2486 lyyu'c
957 2429 1017 2468 που
1033 2403 1168 2488 ἡμέραν]
1193 2407 1343 2487 Imperetur
1358 2399 1401 2457 dtr

311 2487 369 2550 bus
383 2489 487 2550 diebus
503 2489 587 2568 gtsvi
604 2509 714 2570 sopore
728 2509 905 2570 oppressus,
933 2491 1022 2560 tertio
1037 2493 1184 2552 excitatus
1204 2505 1250 2552 est
1264 2511 1272 2550 r
1292 2499 1344 2550 tuos
1354 2485 1401 2543 ileu

246 2577 254 2618 :·
311 2575 403 2656 poulo
418 2583 488 2654 post
501 2575 534 2637 in
546 2595 685 2656 soporem
705 2576 858 2655 relapsus,
880 2575 918 2644 ed
935 2577 1057 2637 tertium
1074 2579 1137 2638 sere
1155 2577 1236 2638 diem
1253 2573 1339 2636 iacuit
1369 2569 1400 2626 lu

312 2681 371 2742 que
385 2661 449 2722 dies
461 2661 565 2722 saltem
580 2669 710 2740 quatuor
725 2653 882 2720 continuos
900 2661 1052 2722 decubuit.
1095 2663 1314 2724 Csntscuzeuus
1325 2651 1401 2736 qusttt'·

312 2747 374 2808 duo
396 2747 524 2806 iacuisse
545 2765 612 2806 eum
632 2747 664 2806 in
688 2746 773 2805 lecto
789 2745 947 2824 significet.
989 2747 1031 2806 At
1054 2749 1223 2825 Pantanus,
1251 2735 1401 2806 Cuntsouteu‘

310 2833 471 2912 interpres,
494 2841 670 2911 exqustuor
680 2831 785 2892 diebus
801 2840 914 2911 septem
924 2831 1033 2894 effecit.
1053 2833 1129 2893 Num
1143 2831 1401 2894 cumacunscunr

310 2916 463 2997 δστεραία,
485 2915 615 2997 δευτέρα,
636 2916 735 2996 τρίτη,
756 2911 880 2998 τετάρτη
894 2917 1011 2998 positos
1025 2919 1140 2995 forent,
1161 2929 1253 2999 etque
1268 2912 1401 2993 eteqttidtm

311 3001 375 3062 suis
389 3001 743 3082 quaequesytnptomstis
758 3001 932 3078 distinetse5
956 3003 1022 3082 ipse
1036 3023 1186 3084 esurqnse
1201 2991 1401 3071 Grsecrdeure'tt

311 3096 408 3164 esset,
429 3091 546 3148 tertiam
559 3087 697 3164 vocavit3
720 3107 795 3166 quse
813 3089 913 3168 τρίτη,
936 3090 1051 3148 tertiam
1066 3110 1086 3147 a
1106 3090 1203 3167 tertia,
1229 3087 1260 3147 id
1275 3095 1401 3148 estsuru

309 3172 430 3255 posuit:
453 3173 583 3252 denique
612 3167 656 3257 (in
680 3171 740 3238 lino
758 3173 880 3251 capitis)
903 3191 968 3232 estu
989 3173 1086 3250 diem,
1111 3193 1189 3253 quse
1209 3195 1227 3232 α
1246 3173 1403 3256 (ΣειιίεοιααεΙ

309 3254 435 3340 τετάρτη
453 3257 623 3334 diceretur,
653 3277 714 3317 non
734 3273 870 3340 quartam
892 3257 1106 3336 interpretetus
1125 3268 1190 3334 est,
1224 3257 1276 3320 sed
1301 3249 1402 3318 Meretri

310 3339 408 3422 δίετες
430 3365 485 3403 nec
500 3343 647 3419 advertit,
671 3341 750 3402 dicus
765 3343 841 3401 lunii
854 3341 921 3405 XV.
936 3363 1015 3402 enno
1029 3343 1134 3404 Mundi
1147 3343 1199 3406 Vl.
1211 3333 1401 3404 Mocccxtb'·

260 3469 262 3474 .
311 3425 687 3488 consummentur
701 3427 843 3487 incidisse
861 3427 893 3486 iu
914 3429 1017 3488 ieristu
1039 3441 1192 3508 quartum,
1214 3449 1289 3508 quse
1304 3433 1341 3487 est
1354 3419 1402 3480 tilt-

309 3513 386 3574 onrii
398 3509 476 3590 dies,
499 3515 596 3574 sedin
613 3513 718 3574 seriem
734 3521 865 3585 sexum,
887 3533 964 3592 quse
979 3523 1025 3574 est
1039 3513 1170 3576 Veneris.
1211 3531 1319 3575 sorus.

396 3621 470 3700 Peg.
493 3621 566 3694 eso,
587 3623 618 3686 s.
662 3616 798 3684 rotet
817 3599 923 3700 ς’ὧῐὸ]
946 3618 1056 3682 cuneo
1075 3621 1168 3687 rstt.
1210 3639 1336 3682 „uene

395 3701 471 3786 Pag-
493 3705 565 3781 660,
587 3705 619 3771 5·
653 3701 697 3768 Tei
717 3709 772 3786 τῆς
795 3699 1028 3788 αὐτοκρατορίας
1050 3705 1119 3786 ἔτη]
1148 3707 1247 3786 Haec,
1276 3721 1343 3786 quse
1359 3712 1402 3754 esu

309 3787 394 3848 cellis
417 3788 529 3848 incluse
555 3798 639 3866 eunt,
671 3810 740 3850 cum
763 3787 890 3850 Wolfius
917 3811 977 3850 non
991 3791 1157 3852 invenisset
1181 3793 1214 3851 in
1242 3811 1295 3851 suo
1319 3781 1425 3862 Codlffv,

192 3893 193 3898 ¹
309 3893 401 3935 annos
416 3873 535 3954 imperii
546 3875 654 3952 viginti
670 3875 829 3952 assignavit
845 3875 1017 3936 Andronico
1033 3877 1153 3937 iuniori.
1194 3878 1293 3956 Atque
1307 3871 1364 3932 hinc
1379 3865 1402 3920 ts

309 3969 391 4021 ctum
407 3957 501 4042 puto,
524 3967 557 4019 ut
571 3961 602 4021 in
615 3961 680 4042 ipsa
695 3959 823 4021 huiusce
840 3959 990 4022 Historiae
1010 3961 1204 4043 inscriptions
1222 3961 1299 4021 idem
1316 3949 1401 4014 watto
1424 3947 1425 4038 l

308 4067 453 4106 summum
474 4066 620 4106 annorum
642 4046 844 4128 ampliaverit,
867 4048 1127 4127 numeraveritque
1150 4067 1242 4108 snuos
1259 4039 1401 4116 exuunt

309 4131 489 4195 CXXXVII.
502 4143 538 4192 ut
551 4151 641 4214 supro
655 4130 861 4192 annotavimus
875 4133 914 4192 ed
929 4133 1009 4192 titul.
1023 4133 1095 4192 libri
1116 4133 1213 4214 primi.
1253 4147 1352 4192 uorum

224 4223 229 4234 '
396 4221 471 4300 Peg.
492 4219 565 4293 560,
587 4223 616 4286 6.
650 4213 725 4298 Ἔπη
745 4217 926 4279 δυοκαίδεκα
948 4209 1010 4298 ἦν]
1033 4219 1128 4278 lmtno
1149 4220 1221 4279 anni
1242 4211 1402 4280 tredecirr‘*

308 4295 370 4362 dies
387 4303 495 4384 utkinti
518 4299 587 4364 duo.
632 4301 707 4364 Nem
731 4301 922 4365 Andronicus
943 4303 1043 4366 iunior
1061 4303 1148 4366 Urbis
1167 4305 1280 4386 potitus
1294 4309 1332 4360 est
1350 4303 1400 4351 ²⁰³⁰
