3034 4828
519 319 876 394 ANNOTATIONES.
1166 313 1264 388 1189

126 476 292 566 circaeon}
315 473 470 567 ἐπιστήμῃ,
490 475 566 543 acad
586 475 621 543 ad
642 473 741 558 ὄρθύν
761 477 928 565 μεταλήψῃ.
952 479 1006 542 καί
1024 501 1059 563 γε
1078 473 1265 564 προσομιλή-

126 585 190 641 σεις
219 562 421 647 Ἀριστοτέλει,
449 564 502 628 καὶ
530 559 576 638 οἷς
602 560 794 645 Ἀλέξανδρος
821 563 1006 628 ἐσπούδασεν
1032 565 1065 630 ἐν
1095 561 1263 646 μετεύροις,

123 649 202 714 acroi
231 648 287 730 raia
315 651 438 715 ἐκείνοιν
467 643 598 729 δύναμιν
626 649 679 750 aad
703 654 832 730 potiora,
865 648 960 730 μηδὲν
986 654 1041 729 τῆς
1067 657 1129 714 τού,
1144 653 1265 732 βιβλίον

125 731 314 818 φαυλότητος
335 733 411 817 πρὸς
428 731 486 814 τήν
502 739 564 796 τοῖν
579 756 738 812 νοηματων
751 729 923 813 κατάληψιν
940 731 1080 814 ἒμπούύν
1094 736 1264 818 γενομένης.

124 821 257 881 Alteram
273 819 399 882 Chumni
419 821 584 900 Epistolam
600 819 746 879 indicasse
761 819 900 881 sufficiat.
943 822 1050 880 Exstat
1067 829 1166 881 autem
1186 821 1265 882 eius·

124 905 194 967 dem
207 906 279 968 Cod.
294 909 365 985 fleg.
382 905 402 966 f.
420 911 492 971 380.
508 905 544 967 V.
562 913 592 964 et
607 906 694 964 istam
715 925 803 984 qaam
826 905 931 965 damus
950 905 1087 985 proxime
1107 905 1265 988 subsequi·

123 1001 184 1056 tur.
206 1009 320 1052 aotvrn.
427 1013 432 1070 t

208 1073 282 1156 Peg.
306 1077 381 1152 179,
403 1080 432 1140 2
471 1069 552 1137 Ἐπεὶ
568 1067 599 1137 d'
613 1072 740 1148 εἴωθεν]
761 1073 936 1154 Pachymer.
962 1074 1014 1135 lib.
1036 1073 1103 1137 v11.
1127 1096 1192 1156 cap
1208 1079 1263 1141 23.

123 1181 256 1220 ancaeo.

212 1243 286 1324 Peg.
311 1246 386 1319 180,
411 1242 460 1306 15.
502 1243 674 1324 Διαδέχεεαι
697 1241 798 1323 μέντοι
820 1241 874 1307 σύν
895 1239 1108 1326 πασριαρχικύν
1127 1237 1262 1330 θρόνον]

126 1327 302 1408 Pachymer.
320 1328 372 1386 lib.
388 1327 465 1386 Vlii.
482 1349 546 1407 cap.
563 1335 612 1393 13.
637 1328 827 1390 Athanasium
845 1330 943 1388 Vecco
966 1330 1065 1390 atatim
1083 1329 1263 1390 successisse

124 1431 283 1494 perperam
307 1411 412 1470 scribit
426 1411 575 1472 Phranzea
592 1413 647 1475 iib.
665 1415 686 1474 L
709 1434 773 1494 cap.
791 1421 819 1479 7.
841 1415 892 1473 ubi
909 1414 1049 1476 observat
1068 1437 1085 1474 a
1102 1435 1197 1494 puero
1216 1415 1263 1473 vi·

124 1509 188 1560 tam
205 1497 360 1556 asceticam
383 1498 511 1558 coluisse
530 1500 562 1558 in
586 1499 679 1558 Gania
704 1499 871 1576 montibus,
901 1520 917 1558 e
940 1499 1146 1580 Peloponneso
1163 1499 1264 1558 oriun-

125 1583 213 1656 dum,
236 1584 331 1660 patria
354 1581 506 1657 Andruaa,
538 1583 623 1642 cuius
646 1583 850 1664 episcopatum
873 1587 1052 1644 auctoritate
1074 1583 1262 1665 imperatoris

125 1678 157 1730 et
177 1666 317 1745 suffragio
339 1667 452 1745 synodi
479 1669 613 1745 gerebat,
652 1689 686 1727 ac
708 1669 926 1728 Monambaeiae
950 1669 1110 1749 metropoli
1131 1669 1262 1731 suberat.

123 1771 253 1812 occaso.
281 1753 374 1810 Huius
389 1751 542 1811 Athanasii
559 1755 708 1833 Epistolae
725 1755 841 1834 aliaque
859 1755 1003 1832 opuscula
1021 1763 1139 1813 exstant
1151 1753 1182 1812 in
1197 1753 1263 1812 Co-

125 1839 193 1897 dice
209 1837 316 1914 Regio,
339 1837 411 1895 olim
426 1839 601 1900 Telleriano.
645 1839 678 1897 ln
693 1838 754 1898 iilis
773 1849 844 1898 aunt
857 1837 1010 1918 Epistulae
1022 1857 1074 1896 aen
1093 1837 1262 1897 delationes

127 1927 176 1987 12.
201 1921 238 1981 ad
261 1921 488 2001 imperatorem,
518 1923 555 1982 da
577 1923 729 1983 residendi
751 1923 928 1983 necessitate
951 1924 1087 1984 omnibus
1112 1921 1262 2002 episcopis

124 2005 317 2085 imponenda:
355 2008 522 2086 exquibus
548 2017 609 2068 trea
635 2008 732 2068 editae
761 2029 778 2066 a
805 2007 969 2082 Turriano,
1001 2005 1104 2068 Latina
1134 2017 1260 2068 tantum.

124 2091 281 2153 Praeterea
308 2091 347 2150 ad
374 2091 455 2151 illius
481 2092 627 2173 temporis
647 2113 696 2153 res
717 2091 911 2152 illustrandas
941 2092 1067 2152 maxima
1097 2093 1262 2172 pertinent,
1303 2109 1305 2114 ’

128 2171 254 2260 Γρύμμα
275 2176 420 2255 περὶτοῦ
442 2183 633 2258 συναχθῆναι
659 2174 732 2251 τούς
758 2171 904 2260 ύρχιερεῖς
925 2175 958 2240 ἒν
978 2181 1017 2262 τῇ
1039 2171 1148 2262 Χύρρι,
1178 2171 1262 2249 ὅπως

124 2265 235 2334 κοινοῖς
255 2255 399 2323 ύπελθεῖν
419 2258 495 2343 πρὸς
514 2260 568 2325 σύν
583 2257 787 2344 αύσοκρύτορα
801 2257 889 2343 χάριν
905 2255 1051 2340 ω’φελε1ας
1072 2266 1186 2342 κοινῆς.
1214 2261 1263 2320 De

126 2342 338 2426 congregandis
359 2347 390 2406 in
408 2334 521 2408 chorda
539 2350 745 2406 monasterium
764 2346 963 2429 pontificibus,
986 2361 1018 2406 ut
1039 2345 1082 2406 cd
1102 2348 1261 2428 imperato·

126 2453 184 2489 rem
206 2432 369 2492 communis
388 2429 526 2490 utilitatis
547 2452 638 2490 σααασ
657 2427 748 2490 simul
767 2435 948 2491 conveniant.
969 2431 1020 2492 fot.
1039 2435 1090 2496 21.
1134 2426 1262 2512 Γρύμρισ

124 2511 200 2592 πρύρ
215 2511 264 2576 σύν
287 2515 379 2596 μέγαν
399 2511 570 2594 διοικητήν,
591 2510 691 2576 iactari
711 2509 896 2593 α’ύικήσανσοι
914 2510 1029 2598 dmodpi.
1052 2512 1110 2574 Ad
1121 2535 1261 2594 magnam

125 2597 333 2704 Dipecetam„
350 2613 382 2657 ut
410 2621 463 2699 per
489 2599 630 2706 iniuriam
657 2593 760 2699 adlcpa
788 2600 936 2695 restituat..
958 2599 1011 2657 t'ol.
1038 2603 1090 2662 23.
1134 2594 1262 2678 Γρύμμα

221 2683 938 2828 1111111111’..1
952 2681 1261 2848 111111

126 2851 249 2932 βασιλέα
269 2857 365 2933 αύρον
389 2849 529 2934 Maponi,
552 2862 608 2912 etc.
642 2853 788 2912 Hortatur
811 2852 849 2910 ad
872 2852 1094 2912 meditationem
1117 2859 1260 2912 votorum

126 2935 325 3014 Baptiamatia.
348 2938 369 2996 1.
385 2941 437 3002 26.
465 2933 592 3017 Γρύμμα
605 2934 682 3018 πρύς
693 2934 751 3013 σύν
763 2936 925 2999 δέσποιναν
935 2934 993 3016 τήν
1009 2931 1107 3018 κύραν
1121 2939 1259 3016 Μαρίαν.

126 3018 182 3082 Ad
196 3021 331 3082 Mariam
347 3021 518 3082 Armenom.
540 3023 558 3081 i.
579 3027 630 3087 27.
645 3022 679 3086 V.
715 3021 864 3101 Scriptam
888 3031 965 3102 puto
987 3021 1066 3080 hanc
1089 3021 1142 3101 Ep.
1159 3021 1260 3080 statim

126 3105 312 3186 postdiariae
326 3105 486 3166 adventum
496 3125 534 3167 ex
544 3106 691 3166 Armenia.
714 3105 791 3166 Vide
805 3106 967 3184 Gregorsm
978 3106 1031 3166 lib.
1045 3106 1093 3166 vt.
1107 3125 1172 3184 cap.
1181 3104 1259 3165 Vttt

127 3185 255 3271 Γρύμμα
272 3187 350 3272 πρὸς
369 3187 420 3254 adv
442 3186 662 3275 αύσοιρύιορα,
684 3191 736 3252 ἵνα
750 3185 900 3274 παιδεύσῃ
917 3188 988 3264 πούς
1001 3186 1090 3264 υἱούς
1108 3185 1205 3253 adacti
1216 3189 1260 3263 εἰς

125 3271 163 3336 τύ
183 3280 225 3358 spi
241 3279 308 3360 θεῷ
330 3270 439 3354 ύρεστύ
467 3277 518 3340 καὶ
538 3280 602 3339 πᾶν
623 3272 657 3342 τύ
676 3269 824 3354 ύπήκοον.
865 3273 923 3336 Ad
942 3278 1160 3356 imperatorem,
1182 3287 1215 3333 at
1231 3287 1259 3333 et

127 3356 234 3422 liberos
258 3375 285 3420 et
306 3357 441 3421 subditos
470 3383 567 3424 omnes
586 3357 765 3422 solutoribus
787 3363 954 3460 praeceptis
975 3355 1149 3419 erudiendos
1169 3372 1257 3418 caret.

127 3445 248 3511 f01.28.
270 3445 304 3505 V.
344 3439 471 3528 Γρύμμα
491 3441 568 3527 raeda
589 3442 643 3510 τύν
663 3441 869 3527 αύτοκρατορα
893 3445 962 3526 περὶ
982 3443 1166 3525 ἐπιστροφῆς
1185 3440 1259 3525 capric

126 3528 204 3594 θεύν
217 3573 245 3591 ..
261 3576 269 3592 .
285 3573 293 3590 .
314 3530 367 3594 aci
387 3529 526 3614 περὶτοῦ
544 3534 682 3612 σεπριγύς
696 3525 751 3614 (an
769 3525 982 3613 aaspsyciaogi)
998 3522 1115 3592 κτύπον
1131 3528 1258 3591 ἐκείνου.

127 3614 177 3674 iol.
190 3619 241 3680 29.
267 3615 414 3676 Hortatur
432 3615 470 3675 ad
491 3615 704 3696 poenitentiam
726 3613 847 3696 publica
867 3613 1067 3675 indicendam.
1110 3613 1195 3688 Quae
1215 3615 1259 3674 ait

128 3697 164 3757 de
186 3699 316 3762 stridore
336 3723 372 3762 ac
384 3701 569 3778 fragore'die
585 3699 663 3760 Xili.
682 3700 820 3760 Decemb.
837 3697 956 3776 audito,
978 3719 1012 3760 ea
1029 3719 1088 3759 non
1107 3698 1259 3778 pertinent
1320 3771 1325 3782 .

129 3783 165 3842 ad
181 3793 280 3845 terrae
294 3795 416 3861 motum,
426 3788 463 3846 de
480 3807 540 3868 quo
551 3783 748 3866 Pachymeres
761 3786 814 3845 lib.
830 3785 877 3845 tv.
895 3804 961 3865 cap.
977 3783 1086 3844 XXIV.
1101 3793 1131 3843 et
1144 3783 1258 3859 Grego-

128 3888 175 3926 ras
193 3867 243 3926 lib.
261 3867 439 3950 vt1.cap.t.
460 3881 531 3930 nect.
548 3875 577 3935 2
609 3871 685 3930 Nam
703 3871 731 3930 ia
751 3879 850 3931 terrae
870 3875 969 3930 motus
987 3868 1113 3946 contigit
1127 3865 1257 3927 Ianuarii

129 3951 176 4012 die
191 3951 284 4012 xvtt.
303 3965 338 4014 ut
356 3955 449 4016 tradit
467 3953 607 4034 Pachym.
637 3949 764 4036 Γρύμμα
780 3951 857 4038 πρύς
873 3951 927 4018 σύν
944 3945 1165 4036 σύιοκρύτορα,
1188 3948 1258 4031 περὶ

128 4040 188 4098 σύν
202 4034 372 4100 θεοκιὸνων
387 4033 556 4114 ’loedoriam
578 4040 631 4102 ivor
647 4039 808 4115 ἒξέλθοασιν
831 4039 865 4102 ἐκ
879 4039 935 4120 τῆς
958 4032 1081 4110 πόλεως.
1115 4031 1258 4094 Deicidcs

129 4117 253 4181 Iudaeos
277 4119 354 4181 Urda
373 4122 538 4185 eiiciendae.
559 4124 611 4183 tot.
633 4129 683 4189 31.
722 4121 808 4205 Πρύς
826 4120 877 4189 τὸν
897 4117 1119 4203 αύεοκρύτορα,
1146 4114 1193 4181 ὅτι
1209 4113 1257 4220 pri

128 4203 199 4290 πρὸς
215 4201 303 4286 εύχύς
319 4205 351 4270 οἱ
365 4203 437 4287 pasci
451 4213 506 4270 τού
527 4207 670 4289 βασιλέως
685 4207 797 4290 ἕντοῖς
811 4207 1071 4289 κατηχούμενεύοις
1087 4207 1258 4266 σονελθον-

128 4314 183 4367 aaa,
201 4287 277 4374 πρύς
290 4288 324 4354 di
336 4288 452 4374 πραφύς
467 4291 607 4374 ἔβλεψαν.
634 4289 695 4374 Qui
707 4289 750 4353 od
765 4291 987 4356 catechumenia
1001 4313 1068 4356 oum
1085 4288 1258 4372 imperatore
