<?xml version="1.0" encoding="UTF-8"?>
<!DOCTYPE html PUBLIC "-//W3C//DTD XHTML 1.0 Transitional//EN"
    "http://www.w3.org/TR/xhtml1/DTD/xhtml1-transitional.dtd">
<html xmlns="http://www.w3.org/1999/xhtml" xml:lang="en" lang="en">
 <head>
  <title>
</title>
<meta http-equiv="Content-Type" content="text/html;charset=utf-8" />
  <meta name='ocr-system' content='tesseract 3.04.00' />
  <meta name='ocr-capabilities' content='ocr_page ocr_carea ocr_par ocr_line ocrx_word'/>
</head>
<body>
  <div class='ocr_page' id='page_1' title='image "./corpusscriptoru21niebgoog_0168.png"; bbox 0 0 2994 4830; ppageno 0'>
   <div class='ocr_carea' id='block_1_1' title="bbox 358 252 1240 339">
    <p class='ocr_par' dir='ltr' id='par_1_1' title="bbox 358 252 1240 339">
     <span class='ocr_line' id='line_1_1' title="bbox 358 252 1240 339; baseline -0.002 -9"><span class='ocrx_word' id='word_1_1' title='bbox 358 259 591 336; x_wconf 65' lang='lat' dir='ltr'><strong>russonum</strong></span> <span class='ocrx_word' id='word_1_2' title='bbox 612 261 888 330; x_wconf 83' lang='lat' dir='ltr'><strong>BYZANTINAE</strong></span> <span class='ocrx_word' id='word_1_3' title='bbox 905 259 1039 339; x_wconf 58' lang='lat' dir='ltr'><strong>xiva,</strong></span> <span class='ocrx_word' id='word_1_4' title='bbox 1164 252 1240 328; x_wconf 75' lang='lat'><strong>727</strong></span> 
     </span>
    </p>
   </div>
   <div class='ocr_carea' id='block_1_2' title="bbox 19 415 1401 2898">
    <p class='ocr_par' dir='ltr' id='par_1_2' title="bbox 19 415 1401 2898">
     <span class='ocr_line' id='line_1_2' title="bbox 140 415 1401 514; baseline -0.001 -23"><span class='ocrx_word' id='word_1_5' title='bbox 140 451 202 510; x_wconf 85' lang='grc' dir='ltr'><strong><em>πης</em></strong></span> <span class='ocrx_word' id='word_1_6' title='bbox 214 422 327 514; x_wconf 75' lang='grc' dir='ltr'><strong><em>Ἀμοόρ</em></strong></span> <span class='ocrx_word' id='word_1_7' title='bbox 339 431 397 510; x_wconf 88' lang='grc' dir='ltr'><strong><em>τῆς</em></strong></span> <span class='ocrx_word' id='word_1_8' title='bbox 405 423 547 511; x_wconf 76' lang='grc' dir='ltr'><strong><em>Ἀσιανῆς</em></strong></span> <span class='ocrx_word' id='word_1_9' title='bbox 560 422 718 509; x_wconf 80' lang='grc' dir='ltr'><strong><em>δυνάμεως</em></strong></span> <span class='ocrx_word' id='word_1_10' title='bbox 735 421 980 512; x_wconf 71' lang='grc' dir='ltr'><strong><em>περαιωσάμενος</em></strong></span> <span class='ocrx_word' id='word_1_11' title='bbox 992 415 1065 511; x_wconf 80' lang='grc' dir='ltr'><strong><em>ῆκεν</em></strong></span> <span class='ocrx_word' id='word_1_12' title='bbox 1088 424 1120 506; x_wconf 76' lang='grc' dir='ltr'><strong>ές</strong></span> <span class='ocrx_word' id='word_1_13' title='bbox 1138 429 1238 510; x_wconf 61' lang='grc' dir='ltr'><strong><em>Διόοξ</em></strong></span> <span class='ocrx_word' id='word_1_14' title='bbox 1248 439 1276 488; x_wconf 81' lang='lat' dir='ltr'><strong>t.</strong></span> <span class='ocrx_word' id='word_1_15' title='bbox 1288 438 1318 490; x_wconf 75' lang='lat' dir='ltr'><strong>c,</strong></span> <span class='ocrx_word' id='word_1_16' title='bbox 1334 432 1401 490; x_wconf 79' lang='lat'>1³4⁵</span> 
     </span>
     <span class='ocr_line' id='line_1_3' title="bbox 19 507 1401 632; baseline 0.001 -40"><span class='ocrx_word' id='word_1_17' title='bbox 19 533 21 592; x_wconf 67' lang='grc' dir='ltr'><strong><em>ι</em></strong></span> <span class='ocrx_word' id='word_1_18' title='bbox 138 527 303 614; x_wconf 80' lang='grc' dir='ltr'><strong><em>μότειχον·</em></strong></span> <span class='ocrx_word' id='word_1_19' title='bbox 328 527 469 594; x_wconf 74' lang='grc' dir='ltr'><strong><em>κάκεῖθεν</em></strong></span> <span class='ocrx_word' id='word_1_20' title='bbox 485 523 580 606; x_wconf 75' lang='grc' dir='ltr'><strong><em>αὖθις</em></strong></span> <span class='ocrx_word' id='word_1_21' title='bbox 592 520 646 615; x_wconf 80' lang='grc' dir='ltr'><strong><em>ῆκε</em></strong></span> <span class='ocrx_word' id='word_1_22' title='bbox 660 528 739 612; x_wconf 84' lang='grc' dir='ltr'><strong><em>μετά</em></strong></span> <span class='ocrx_word' id='word_1_23' title='bbox 758 529 910 614; x_wconf 73' lang='grc' dir='ltr'><strong><em>βασιλέως</em></strong></span> <span class='ocrx_word' id='word_1_24' title='bbox 924 527 995 616; x_wconf 84' lang='grc' dir='ltr'><strong><em>άχρι</em></strong></span> <span class='ocrx_word' id='word_1_25' title='bbox 1011 531 1062 596; x_wconf 82' lang='grc' dir='ltr'><strong><em>καλ</em></strong></span> <span class='ocrx_word' id='word_1_26' title='bbox 1076 529 1107 606; x_wconf 79' lang='grc' dir='ltr'><strong>ές</strong></span> <span class='ocrx_word' id='word_1_27' title='bbox 1117 507 1401 632; x_wconf 34' lang='grc' dir='ltr'><strong><em>Βυζάν-Ῑωῆὲεὶῆξῶ</em></strong></span> 
     </span>
     <span class='ocr_line' id='line_1_4' title="bbox 138 631 1236 720; baseline 0.002 -22.804"><span class='ocrx_word' id='word_1_28' title='bbox 138 658 231 712; x_wconf 78' lang='grc' dir='ltr'><strong><em>τιον,</em></strong></span> <span class='ocrx_word' id='word_1_29' title='bbox 251 631 330 709; x_wconf 75' lang='grc' dir='ltr'><strong><em>θέας</em></strong></span> <span class='ocrx_word' id='word_1_30' title='bbox 347 658 381 698; x_wconf 87' lang='grc' dir='ltr'><strong><em>τε</em></strong></span> <span class='ocrx_word' id='word_1_31' title='bbox 404 633 563 714; x_wconf 75' lang='grc' dir='ltr'><strong><em>λ’νεκα“μαὶ</em></strong></span> <span class='ocrx_word' id='word_1_32' title='bbox 584 636 691 720; x_wconf 78' lang='grc' dir='ltr'><strong><em>πείρας</em></strong></span> <span class='ocrx_word' id='word_1_33' title='bbox 713 635 740 697; x_wconf 84' lang='lat' dir='ltr'><strong>si</strong></span> <span class='ocrx_word' id='word_1_34' title='bbox 759 633 830 699; x_wconf 76' lang='grc' dir='ltr'><strong><em>δέοι.</em></strong></span> <span class='ocrx_word' id='word_1_35' title='bbox 860 634 926 698; x_wconf 79' lang='lat' dir='ltr'><strong>insi</strong></span> <span class='ocrx_word' id='word_1_36' title='bbox 943 658 976 718; x_wconf 81' lang='lat' dir='ltr'><strong>ys</strong></span> <span class='ocrx_word' id='word_1_37' title='bbox 1006 631 1069 716; x_wconf 80' lang='grc' dir='ltr'><strong><em>μὴν</em></strong></span> <span class='ocrx_word' id='word_1_38' title='bbox 1089 631 1236 718; x_wconf 63' lang='lat' dir='ltr'><strong>tinnitu</strong></span> 
     </span>
     <span class='ocr_line' id='line_1_5' title="bbox 139 731 1240 822; baseline 0.003 -20"><span class='ocrx_word' id='word_1_39' title='bbox 139 735 197 802; x_wconf 82' lang='grc' dir='ltr'><strong><em>κάει</em></strong></span> <span class='ocrx_word' id='word_1_40' title='bbox 218 737 396 822; x_wconf 74' lang='grc' dir='ltr'><em>συμμέτρου</em></span> <span class='ocrx_word' id='word_1_41' title='bbox 425 743 482 802; x_wconf 78' lang='grc' dir='ltr'><strong>τοῦ</strong></span> <span class='ocrx_word' id='word_1_42' title='bbox 510 733 720 820; x_wconf 78' lang='grc' dir='ltr'><strong><em>διαστήματος</em></strong></span> <span class='ocrx_word' id='word_1_43' title='bbox 747 741 803 802; x_wconf 80' lang='grc' dir='ltr'><strong>νῦν</strong></span> <span class='ocrx_word' id='word_1_44' title='bbox 833 737 890 820; x_wconf 80' lang='grc' dir='ltr'><strong>μέν</strong></span> <span class='ocrx_word' id='word_1_45' title='bbox 916 731 1093 820; x_wconf 78' lang='grc' dir='ltr'><strong><em>ἱστάμενος,</em></strong></span> <span class='ocrx_word' id='word_1_46' title='bbox 1125 743 1181 802; x_wconf 77' lang='grc' dir='ltr'><strong>νῦν</strong></span> <span class='ocrx_word' id='word_1_47' title='bbox 1204 737 1240 806; x_wconf 78' lang='grc' dir='ltr'><strong><em>δέ</em></strong></span> 
     </span>
     <span class='ocr_line' id='line_1_6' title="bbox 115 835 1239 925; baseline 0.003 -21"><span class='ocrx_word' id='word_1_48' title='bbox 115 839 260 925; x_wconf 71' lang='grc' dir='ltr'><strong><em>ὅπεριῖὠν</em></strong></span> <span class='ocrx_word' id='word_1_49' title='bbox 288 835 409 904; x_wconf 83' lang='grc' dir='ltr'><strong><em>έσκόπει</em></strong></span> <span class='ocrx_word' id='word_1_50' title='bbox 434 841 485 904; x_wconf 83' lang='grc' dir='ltr'><strong><em>καλ</em></strong></span> <span class='ocrx_word' id='word_1_51' title='bbox 509 837 666 924; x_wconf 84' lang='grc' dir='ltr'><strong><em>συνεώρα,</em></strong></span> <span class='ocrx_word' id='word_1_52' title='bbox 700 835 798 924; x_wconf 81' lang='grc' dir='ltr'><strong><em>πολλῆ</em></strong></span> <span class='ocrx_word' id='word_1_53' title='bbox 823 861 870 916; x_wconf 89' lang='grc' dir='ltr'><strong><em>τις</em></strong></span> <span class='ocrx_word' id='word_1_54' title='bbox 889 836 984 904; x_wconf 84' lang='grc' dir='ltr'><strong><em>αότόν</em></strong></span> <span class='ocrx_word' id='word_1_55' title='bbox 1001 839 1125 922; x_wconf 77' lang='grc' dir='ltr'><strong><em>συνέσχε</em></strong></span> <span class='ocrx_word' id='word_1_56' title='bbox 1141 835 1239 906; x_wconf 84' lang='grc' dir='ltr'><strong><em>κατά-</em></strong></span> 
     </span>
     <span class='ocr_line' id='line_1_7' title="bbox 137 937 1266 1028; baseline 0 -20"><span class='ocrx_word' id='word_1_57' title='bbox 137 945 245 1026; x_wconf 87' lang='grc' dir='ltr'><strong><em>πληξις</em></strong></span> <span class='ocrx_word' id='word_1_58' title='bbox 266 949 322 1008; x_wconf 78' lang='grc' dir='ltr'><strong>τοῦ</strong></span> <span class='ocrx_word' id='word_1_59' title='bbox 344 968 377 1008; x_wconf 90' lang='grc' dir='ltr'><strong><em>τε</em></strong></span> <span class='ocrx_word' id='word_1_60' title='bbox 396 943 547 1028; x_wconf 72' lang='grc' dir='ltr'><strong><em>μεγέθους</em></strong></span> <span class='ocrx_word' id='word_1_61' title='bbox 564 949 620 1027; x_wconf 88' lang='grc' dir='ltr'><strong><em>τῆς</em></strong></span> <span class='ocrx_word' id='word_1_62' title='bbox 642 937 759 1018; x_wconf 88' lang='grc' dir='ltr'><strong><em>πόλεως</em></strong></span> <span class='ocrx_word' id='word_1_63' title='bbox 779 943 830 1007; x_wconf 80' lang='grc' dir='ltr'><strong>καὶ</strong></span> <span class='ocrx_word' id='word_1_64' title='bbox 851 947 908 1008; x_wconf 79' lang='lat' dir='ltr'><strong>rosi</strong></span> <span class='ocrx_word' id='word_1_65' title='bbox 928 946 990 1007; x_wconf 80' lang='grc' dir='ltr'><strong><em>τῶν</em></strong></span> <span class='ocrx_word' id='word_1_66' title='bbox 1009 949 1116 1026; x_wconf 80' lang='grc' dir='ltr'><strong><em>τειχῶν</em></strong></span> <span class='ocrx_word' id='word_1_67' title='bbox 1135 939 1266 1026; x_wconf 64' lang='lat' dir='ltr'><strong>duleum</strong></span> 
     </span>
     <span class='ocr_line' id='line_1_8' title="bbox 138 1041 1237 1133; baseline 0.003 -23"><span class='ocrx_word' id='word_1_68' title='bbox 138 1048 188 1110; x_wconf 85' lang='grc' dir='ltr'><strong><em>καλ</em></strong></span> <span class='ocrx_word' id='word_1_69' title='bbox 201 1043 353 1126; x_wconf 90' lang='grc' dir='ltr'><strong><em>κάλλους,</em></strong></span> <span class='ocrx_word' id='word_1_70' title='bbox 380 1044 423 1111; x_wconf 81' lang='lat' dir='ltr'><strong>i&#39;rs</strong></span> <span class='ocrx_word' id='word_1_71' title='bbox 444 1072 476 1112; x_wconf 86' lang='grc' dir='ltr'><strong><em>τε</em></strong></span> <span class='ocrx_word' id='word_1_72' title='bbox 499 1049 620 1130; x_wconf 74' lang='grc' dir='ltr'><strong><em>καὶτῆς</em></strong></span> <span class='ocrx_word' id='word_1_73' title='bbox 639 1051 702 1112; x_wconf 80' lang='grc' dir='ltr'><strong><em>τῶν</em></strong></span> <span class='ocrx_word' id='word_1_74' title='bbox 716 1045 801 1131; x_wconf 77' lang='grc' dir='ltr'><strong><em>πέριξ</em></strong></span> <span class='ocrx_word' id='word_1_75' title='bbox 818 1041 945 1133; x_wconf 78' lang='grc' dir='ltr'><strong><em>τάφρων</em></strong></span> <span class='ocrx_word' id='word_1_76' title='bbox 960 1046 1141 1128; x_wconf 70' lang='grc' dir='ltr'><strong><em>θαυμασίας</em></strong></span> <span class='ocrx_word' id='word_1_77' title='bbox 1154 1049 1237 1113; x_wconf 75' lang='grc' dir='ltr'><strong><em>οἰκο-</em></strong></span> 
     </span>
     <span class='ocr_line' id='line_1_9' title="bbox 139 1145 1238 1236; baseline 0.002 -22"><span class='ocrx_word' id='word_1_78' title='bbox 139 1151 248 1232; x_wconf 79' lang='grc' dir='ltr'><strong><em>δομῆς,</em></strong></span> <span class='ocrx_word' id='word_1_79' title='bbox 266 1151 318 1214; x_wconf 84' lang='grc' dir='ltr'><strong><em>καλ</em></strong></span> <span class='ocrx_word' id='word_1_80' title='bbox 332 1154 388 1234; x_wconf 86' lang='grc' dir='ltr'><strong><em>τῆς</em></strong></span> <span class='ocrx_word' id='word_1_81' title='bbox 400 1145 738 1236; x_wconf 55' lang='grc' dir='ltr'><strong><em>τῶνιπροτειχιομάτων</em></strong></span> <span class='ocrx_word' id='word_1_82' title='bbox 754 1145 890 1225; x_wconf 80' lang='grc' dir='ltr'><strong><em>στάσεώς</em></strong></span> <span class='ocrx_word' id='word_1_83' title='bbox 901 1173 934 1214; x_wconf 90' lang='grc' dir='ltr'><strong><em>τε</em></strong></span> <span class='ocrx_word' id='word_1_84' title='bbox 948 1150 999 1214; x_wconf 83' lang='grc' dir='ltr'><strong><em>καλ</em></strong></span> <span class='ocrx_word' id='word_1_85' title='bbox 1012 1147 1127 1226; x_wconf 83' lang='grc' dir='ltr'><strong><em>τάξεως</em></strong></span> <span class='ocrx_word' id='word_1_86' title='bbox 1138 1147 1238 1216; x_wconf 69' lang='lat' dir='ltr'><strong>ddcd-</strong></span> 
     </span>
     <span class='ocr_line' id='line_1_10' title="bbox 137 1245 1237 1339; baseline 0.005 -23"><span class='ocrx_word' id='word_1_87' title='bbox 137 1255 214 1335; x_wconf 80' lang='grc' dir='ltr'><strong><em>μαζε</em></strong></span> <span class='ocrx_word' id='word_1_88' title='bbox 234 1253 254 1316; x_wconf 88' lang='lat' dir='ltr'><strong>d</strong></span> <span class='ocrx_word' id='word_1_89' title='bbox 259 1251 268 1276; x_wconf 88' lang='lat'><em>’</em></span> <span class='ocrx_word' id='word_1_90' title='bbox 287 1253 390 1339; x_wconf 73' lang='lat' dir='ltr'><strong>inpos</strong></span> <span class='ocrx_word' id='word_1_91' title='bbox 405 1249 540 1338; x_wconf 88' lang='grc' dir='ltr'><strong><em>τρόπον,</em></strong></span> <span class='ocrx_word' id='word_1_92' title='bbox 568 1253 618 1318; x_wconf 80' lang='grc' dir='ltr'><strong>καὶ</strong></span> <span class='ocrx_word' id='word_1_93' title='bbox 636 1251 719 1328; x_wconf 81' lang='grc' dir='ltr'><strong><em>ὅπως</em></strong></span> <span class='ocrx_word' id='word_1_94' title='bbox 734 1251 789 1318; x_wconf 79' lang='grc' dir='ltr'><strong>οὐκ</strong></span> <span class='ocrx_word' id='word_1_95' title='bbox 805 1245 843 1336; x_wconf 81' lang='grc' dir='ltr'><strong><em>ῆν</em></strong></span> <span class='ocrx_word' id='word_1_96' title='bbox 859 1253 907 1318; x_wconf 74' lang='lat' dir='ltr'><strong>dni</strong></span> <span class='ocrx_word' id='word_1_97' title='bbox 922 1258 984 1317; x_wconf 84' lang='grc' dir='ltr'><strong><em>τῶν</em></strong></span> <span class='ocrx_word' id='word_1_98' title='bbox 999 1248 1170 1334; x_wconf 76' lang='grc' dir='ltr'><strong><em>ἐπάλξεων,</em></strong></span> <span class='ocrx_word' id='word_1_99' title='bbox 1193 1249 1237 1332; x_wconf 80' lang='grc' dir='ltr'><strong><em>ὥς</em></strong></span> 
     </span>
     <span class='ocr_line' id='line_1_11' title="bbox 99 1352 1236 1442; baseline -0.002 -18"><span class='ocrx_word' id='word_1_100' title='bbox 99 1367 131 1424; x_wconf 85' lang='grc'><strong>10</strong></span> <span class='ocrx_word' id='word_1_101' title='bbox 138 1355 231 1421; x_wconf 72' lang='grc' dir='ltr'><strong><em>εἴωθε</em></strong></span> <span class='ocrx_word' id='word_1_102' title='bbox 253 1365 322 1432; x_wconf 80' lang='grc' dir='ltr'><strong><em>ταῖς</em></strong></span> <span class='ocrx_word' id='word_1_103' title='bbox 337 1352 485 1442; x_wconf 73' lang='grc' dir='ltr'><strong><em>μεγάλαις</em></strong></span> <span class='ocrx_word' id='word_1_104' title='bbox 505 1381 538 1422; x_wconf 93' lang='grc' dir='ltr'><strong><em>τε</em></strong></span> <span class='ocrx_word' id='word_1_105' title='bbox 560 1357 611 1420; x_wconf 75' lang='grc' dir='ltr'><strong>καὶ</strong></span> <span class='ocrx_word' id='word_1_106' title='bbox 625 1354 884 1440; x_wconf 74' lang='grc' dir='ltr'><strong><em>πολυανθρώποις</em></strong></span> <span class='ocrx_word' id='word_1_107' title='bbox 895 1352 1016 1437; x_wconf 89' lang='grc' dir='ltr'><strong><em>πόλεσι,</em></strong></span> <span class='ocrx_word' id='word_1_108' title='bbox 1043 1360 1167 1440; x_wconf 74' lang='grc' dir='ltr'><strong><em>πλῆθος</em></strong></span> <span class='ocrx_word' id='word_1_109' title='bbox 1180 1355 1236 1422; x_wconf 87' lang='grc' dir='ltr'><strong><em>άν-</em></strong></span> 
     </span>
     <span class='ocr_line' id='line_1_12' title="bbox 136 1455 1236 1544; baseline 0.001 -21"><span class='ocrx_word' id='word_1_110' title='bbox 136 1460 240 1544; x_wconf 78' lang='grc' dir='ltr'><strong><em>όρῶν·</em></strong></span> <span class='ocrx_word' id='word_1_111' title='bbox 275 1457 355 1522; x_wconf 73' lang='lat' dir='ltr'><strong>usto</strong></span> <span class='ocrx_word' id='word_1_112' title='bbox 377 1457 457 1544; x_wconf 79' lang='grc' dir='ltr'><strong><em>πλὴν</em></strong></span> <span class='ocrx_word' id='word_1_113' title='bbox 479 1458 588 1544; x_wconf 76' lang='lat' dir='ltr'><strong>didymo</strong></span> <span class='ocrx_word' id='word_1_114' title='bbox 616 1457 730 1543; x_wconf 66' lang='grc' dir='ltr'><strong><em>ἔρημον</em></strong></span> <span class='ocrx_word' id='word_1_115' title='bbox 758 1455 853 1524; x_wconf 75' lang='grc' dir='ltr'><strong><em>ἐδόκει</em></strong></span> <span class='ocrx_word' id='word_1_116' title='bbox 882 1457 917 1524; x_wconf 80' lang='grc' dir='ltr'><strong>τό</strong></span> <span class='ocrx_word' id='word_1_117' title='bbox 942 1468 1041 1542; x_wconf 79' lang='grc' dir='ltr'><strong><em>τεῖχος</em></strong></span> <span class='ocrx_word' id='word_1_118' title='bbox 1070 1465 1236 1544; x_wconf 79' lang='grc' dir='ltr'><strong><em>πολεμικῆς</em></strong></span> 
     </span>
     <span class='ocr_line' id='line_1_13' title="bbox 138 1556 1238 1648; baseline 0.002 -22"><span class='ocrx_word' id='word_1_119' title='bbox 138 1556 262 1644; x_wconf 80' lang='grc' dir='ltr'><strong><em>άπάσης</em></strong></span> <span class='ocrx_word' id='word_1_120' title='bbox 281 1567 476 1648; x_wconf 78' lang='grc' dir='ltr'><strong><em>παρασκευῆς</em></strong></span> <span class='ocrx_word' id='word_1_121' title='bbox 496 1564 546 1626; x_wconf 76' lang='grc' dir='ltr'><strong>καὶ</strong></span> <span class='ocrx_word' id='word_1_122' title='bbox 569 1557 736 1644; x_wconf 75' lang='grc' dir='ltr'><strong><em>δυνάμεως.</em></strong></span> <span class='ocrx_word' id='word_1_123' title='bbox 765 1556 781 1626; x_wconf 87' lang='grc' dir='ltr'><strong><em>ό</em></strong></span> <span class='ocrx_word' id='word_1_124' title='bbox 805 1558 864 1647; x_wconf 73' lang='grc' dir='ltr'><strong>γὰρ</strong></span> <span class='ocrx_word' id='word_1_125' title='bbox 881 1557 1084 1641; x_wconf 72' lang='grc' dir='ltr'><strong><em>Ἀπόνιαυκος,</em></strong></span> <span class='ocrx_word' id='word_1_126' title='bbox 1118 1563 1238 1645; x_wconf 80' lang='grc' dir='ltr'><strong><em>μᾶλλον</em></strong></span> 
     </span>
     <span class='ocr_line' id='line_1_14' title="bbox 133 1660 1264 1749; baseline 0.003 -20"><span class='ocrx_word' id='word_1_127' title='bbox 133 1663 192 1748; x_wconf 83' lang='grc' dir='ltr'><strong><em>τῆν</em></strong></span> <span class='ocrx_word' id='word_1_128' title='bbox 212 1661 343 1730; x_wconf 65' lang='grc' dir='ltr'><strong><em>ἔνδοθεν</em></strong></span> <span class='ocrx_word' id='word_1_129' title='bbox 364 1660 463 1749; x_wconf 79' lang='grc' dir='ltr'><strong><em>ὁρμὴν</em></strong></span> <span class='ocrx_word' id='word_1_130' title='bbox 484 1663 591 1740; x_wconf 74' lang='grc' dir='ltr'><strong><em>δεδιὼς</em></strong></span> <span class='ocrx_word' id='word_1_131' title='bbox 613 1669 669 1729; x_wconf 75' lang='grc' dir='ltr'><strong>τοῦ</strong></span> <span class='ocrx_word' id='word_1_132' title='bbox 689 1666 856 1747; x_wconf 77' lang='grc' dir='ltr'><strong><em>δημοτικοῦ</em></strong></span> <span class='ocrx_word' id='word_1_133' title='bbox 876 1660 1035 1746; x_wconf 75' lang='grc' dir='ltr'><strong><em>πλήθους,</em></strong></span> <span class='ocrx_word' id='word_1_134' title='bbox 1063 1661 1158 1748; x_wconf 79' lang='grc' dir='ltr'><strong><em>ῆτῆν</em></strong></span> <span class='ocrx_word' id='word_1_135' title='bbox 1172 1672 1264 1737; x_wconf 78' lang='grc' dir='ltr'><strong><em>τῶνο</em></strong></span> 
     </span>
     <span class='ocr_line' id='line_1_15' title="bbox 134 1757 1326 1854; baseline -0.001 -22"><span class='ocrx_word' id='word_1_136' title='bbox 134 1764 251 1844; x_wconf 70' lang='grc' dir='ltr'><strong><em>ἔξωθεν</em></strong></span> <span class='ocrx_word' id='word_1_137' title='bbox 265 1767 419 1849; x_wconf 87' lang='grc' dir='ltr'><strong><em>πολεμέων</em></strong></span> <span class='ocrx_word' id='word_1_138' title='bbox 434 1766 564 1854; x_wconf 79' lang='grc' dir='ltr'><strong><em>έροδον,</em></strong></span> <span class='ocrx_word' id='word_1_139' title='bbox 582 1764 688 1832; x_wconf 76' lang='lat' dir='ltr'><strong>siduno</strong></span> <span class='ocrx_word' id='word_1_140' title='bbox 709 1765 765 1831; x_wconf 80' lang='grc' dir='ltr'><strong>οὔκ</strong></span> <span class='ocrx_word' id='word_1_141' title='bbox 779 1766 882 1832; x_wconf 80' lang='grc' dir='ltr'><strong><em>έιλιίλου</em></strong></span> <span class='ocrx_word' id='word_1_142' title='bbox 896 1775 960 1841; x_wconf 79' lang='grc' dir='ltr'><strong><em>τοῖς</em></strong></span> <span class='ocrx_word' id='word_1_143' title='bbox 974 1765 1172 1848; x_wconf 67' lang='grc' dir='ltr'><strong><em>βουλομένοις</em></strong></span> <span class='ocrx_word' id='word_1_144' title='bbox 1186 1768 1235 1832; x_wconf 75' lang='lat' dir='ltr'><strong>dni</strong></span> <span class='ocrx_word' id='word_1_145' title='bbox 1324 1757 1326 1766; x_wconf 18' lang='grc' dir='ltr'><em>Α</em></span> 
     </span>
     <span class='ocr_line' id='line_1_16' title="bbox 95 1864 1235 1957; baseline 0.002 -23"><span class='ocrx_word' id='word_1_146' title='bbox 95 1881 126 1936; x_wconf 82' lang='grc'><strong>15</strong></span> <span class='ocrx_word' id='word_1_147' title='bbox 135 1869 170 1935; x_wconf 87' lang='grc' dir='ltr'><strong>τό</strong></span> <span class='ocrx_word' id='word_1_148' title='bbox 185 1879 285 1952; x_wconf 84' lang='grc' dir='ltr'><strong><em>τεῖχος</em></strong></span> <span class='ocrx_word' id='word_1_149' title='bbox 302 1867 417 1935; x_wconf 75' lang='grc' dir='ltr'><strong><em>ἅπασιν</em></strong></span> <span class='ocrx_word' id='word_1_150' title='bbox 433 1869 544 1936; x_wconf 76' lang='grc' dir='ltr'><strong><em>ἀνιέναι</em></strong></span> <span class='ocrx_word' id='word_1_151' title='bbox 551 1919 562 1950; x_wconf 93' lang='grc'><strong><em>,</em></strong></span> <span class='ocrx_word' id='word_1_152' title='bbox 592 1867 664 1934; x_wconf 73' lang='grc' dir='ltr'><strong><em>ἄλλ’</em></strong></span> <span class='ocrx_word' id='word_1_153' title='bbox 682 1864 728 1946; x_wconf 80' lang='grc' dir='ltr'><strong><em>οἷς</em></strong></span> <span class='ocrx_word' id='word_1_154' title='bbox 739 1865 869 1952; x_wconf 80' lang='grc' dir='ltr'><strong><em>μάλιστ’</em></strong></span> <span class='ocrx_word' id='word_1_155' title='bbox 886 1865 1012 1957; x_wconf 59' lang='lat' dir='ltr'><strong>turpio</strong></span> <span class='ocrx_word' id='word_1_156' title='bbox 1024 1874 1087 1934; x_wconf 83' lang='grc' dir='ltr'><strong><em>τῶν</em></strong></span> <span class='ocrx_word' id='word_1_157' title='bbox 1101 1865 1235 1936; x_wconf 80' lang='grc' dir='ltr'><strong><em>όπλιτιῦν</em></strong></span> 
     </span>
     <span class='ocr_line' id='line_1_17' title="bbox 133 1968 1236 2060; baseline -0.002 -20"><span class='ocrx_word' id='word_1_158' title='bbox 133 1974 185 2040; x_wconf 80' lang='grc' dir='ltr'><strong><em>καλ</em></strong></span> <span class='ocrx_word' id='word_1_159' title='bbox 202 1971 328 2039; x_wconf 75' lang='grc' dir='ltr'><strong><em>ἱππέων.</em></strong></span> <span class='ocrx_word' id='word_1_160' title='bbox 354 1969 473 2040; x_wconf 84' lang='grc' dir='ltr'><strong><em>τοότων</em></strong></span> <span class='ocrx_word' id='word_1_161' title='bbox 486 1973 546 2060; x_wconf 75' lang='grc' dir='ltr'><strong>γάρ</strong></span> <span class='ocrx_word' id='word_1_162' title='bbox 562 1971 636 2051; x_wconf 71' lang='grc' dir='ltr'><strong><em>τοὺς</em></strong></span> <span class='ocrx_word' id='word_1_163' title='bbox 650 1973 707 2056; x_wconf 85' lang='grc' dir='ltr'><strong>μέν</strong></span> <span class='ocrx_word' id='word_1_164' title='bbox 721 1971 809 2039; x_wconf 77' lang='grc' dir='ltr'><strong><em>ένόον</em></strong></span> <span class='ocrx_word' id='word_1_165' title='bbox 821 1969 957 2048; x_wconf 75' lang='grc' dir='ltr'><strong><em>ἀΰπνους</em></strong></span> <span class='ocrx_word' id='word_1_166' title='bbox 971 1970 1078 2055; x_wconf 75' lang='grc' dir='ltr'><strong><em>έστησε</em></strong></span> <span class='ocrx_word' id='word_1_167' title='bbox 1094 1968 1236 2060; x_wconf 74' lang='grc' dir='ltr'><strong><em>φύλακας</em></strong></span> 
     </span>
     <span class='ocr_line' id='line_1_18' title="bbox 131 2070 1267 2164; baseline 0 -24"><span class='ocrx_word' id='word_1_168' title='bbox 131 2081 196 2142; x_wconf 83' lang='grc' dir='ltr'><strong><em>τῶν</em></strong></span> <span class='ocrx_word' id='word_1_169' title='bbox 218 2079 342 2140; x_wconf 83' lang='grc' dir='ltr'><strong><em>πυλῶν·</em></strong></span> <span class='ocrx_word' id='word_1_170' title='bbox 369 2075 443 2153; x_wconf 81' lang='grc' dir='ltr'><strong><em>τοός</em></strong></span> <span class='ocrx_word' id='word_1_171' title='bbox 464 2077 498 2142; x_wconf 80' lang='grc' dir='ltr'><strong><em>δέ</em></strong></span> <span class='ocrx_word' id='word_1_172' title='bbox 521 2076 664 2164; x_wconf 82' lang='grc' dir='ltr'><strong><em>περιϊέναι</em></strong></span> <span class='ocrx_word' id='word_1_173' title='bbox 683 2072 969 2163; x_wconf 81' lang='grc' dir='ltr'><strong><em>ὃιανυκτερεόοντας</em></strong></span> <span class='ocrx_word' id='word_1_174' title='bbox 987 2070 1028 2140; x_wconf 88' lang='grc' dir='ltr'><strong>τά</strong></span> <span class='ocrx_word' id='word_1_175' title='bbox 1041 2099 1074 2141; x_wconf 91' lang='grc' dir='ltr'><strong><em>τε</em></strong></span> <span class='ocrx_word' id='word_1_176' title='bbox 1086 2077 1169 2161; x_wconf 81' lang='grc' dir='ltr'><strong><em>τείχη</em></strong></span> <span class='ocrx_word' id='word_1_177' title='bbox 1182 2079 1234 2142; x_wconf 82' lang='grc' dir='ltr'><strong><em>καλ</em></strong></span> <span class='ocrx_word' id='word_1_178' title='bbox 1263 2144 1267 2152; x_wconf 61' lang='grc'><strong><em>,</em></strong></span> 
     </span>
     <span class='ocr_line' id='line_1_19' title="bbox 132 2174 1264 2268; baseline 0.001 -24"><span class='ocrx_word' id='word_1_179' title='bbox 132 2184 237 2244; x_wconf 78' lang='grc' dir='ltr'><strong><em>πᾶσαν</em></strong></span> <span class='ocrx_word' id='word_1_180' title='bbox 254 2175 341 2244; x_wconf 78' lang='grc' dir='ltr'><strong><em>ένιλον</em></strong></span> <span class='ocrx_word' id='word_1_181' title='bbox 354 2176 566 2266; x_wconf 87' lang='grc' dir='ltr'><strong><em>προσετετάχει</em></strong></span> <span class='ocrx_word' id='word_1_182' title='bbox 578 2178 636 2264; x_wconf 80' lang='grc' dir='ltr'><strong><em>τὴν</em></strong></span> <span class='ocrx_word' id='word_1_183' title='bbox 651 2174 749 2246; x_wconf 88' lang='grc' dir='ltr'><strong><em>πόλιν.</em></strong></span> <span class='ocrx_word' id='word_1_184' title='bbox 792 2177 861 2268; x_wconf 87' lang='grc' dir='ltr'>(Γ.)</span> <span class='ocrx_word' id='word_1_185' title='bbox 891 2177 985 2245; x_wconf 78' lang='grc' dir='ltr'><strong><em>Οόπω</em></strong></span> <span class='ocrx_word' id='word_1_186' title='bbox 1002 2177 1145 2265; x_wconf 85' lang='grc' dir='ltr'><strong><em>τέτταρες</em></strong></span> <span class='ocrx_word' id='word_1_187' title='bbox 1157 2175 1264 2264; x_wconf 68' lang='lat' dir='ltr'><strong>riui-1)</strong></span> 
     </span>
     <span class='ocr_line' id='line_1_20' title="bbox 138 2277 1339 2370; baseline 0 -22"><span class='ocrx_word' id='word_1_188' title='bbox 138 2306 191 2368; x_wconf 84' lang='grc' dir='ltr'><strong>ραι</strong></span> <span class='ocrx_word' id='word_1_189' title='bbox 206 2277 473 2366; x_wconf 73' lang='grc' dir='ltr'><strong><em>παρεληλύθεσαν,</em></strong></span> <span class='ocrx_word' id='word_1_190' title='bbox 490 2285 541 2348; x_wconf 80' lang='grc' dir='ltr'><strong>καὶ</strong></span> <span class='ocrx_word' id='word_1_191' title='bbox 557 2279 636 2368; x_wconf 84' lang='grc' dir='ltr'><strong><em>άρας</em></strong></span> <span class='ocrx_word' id='word_1_192' title='bbox 652 2278 668 2348; x_wconf 83' lang='lat' dir='ltr'><strong>d</strong></span> <span class='ocrx_word' id='word_1_193' title='bbox 682 2281 827 2366; x_wconf 69' lang='grc' dir='ltr'><strong><em>βασιλεὺς</em></strong></span> <span class='ocrx_word' id='word_1_194' title='bbox 840 2278 928 2369; x_wconf 76' lang='grc' dir='ltr'><strong><em>ἀπῄει</em></strong></span> <span class='ocrx_word' id='word_1_195' title='bbox 946 2279 1025 2364; x_wconf 79' lang='grc' dir='ltr'><strong><em>μετὰ</em></strong></span> <span class='ocrx_word' id='word_1_196' title='bbox 1038 2287 1095 2348; x_wconf 76' lang='grc' dir='ltr'><strong>τοῦ</strong></span> <span class='ocrx_word' id='word_1_197' title='bbox 1104 2279 1232 2370; x_wconf 76' lang='grc' dir='ltr'><strong><em>Ἅμσόρ,</em></strong></span> <span class='ocrx_word' id='word_1_198' title='bbox 1337 2323 1339 2332; x_wconf 83' lang='grc'><em>·</em></span> 
     </span>
     <span class='ocr_line' id='line_1_21' title="bbox 92 2379 1234 2476; baseline 0 -24"><span class='ocrx_word' id='word_1_199' title='bbox 92 2379 401 2468; x_wconf 59' lang='lat' dir='ltr'><strong>momenmentum</strong></span> <span class='ocrx_word' id='word_1_200' title='bbox 417 2391 461 2474; x_wconf 79' lang='grc' dir='ltr'><strong>τῷ</strong></span> <span class='ocrx_word' id='word_1_201' title='bbox 474 2387 637 2476; x_wconf 83' lang='grc' dir='ltr'><strong><em>Μομιτέλρι</em></strong></span> <span class='ocrx_word' id='word_1_202' title='bbox 644 2433 655 2466; x_wconf 96' lang='grc'><strong><em>,</em></strong></span> <span class='ocrx_word' id='word_1_203' title='bbox 681 2384 760 2474; x_wconf 84' lang='grc' dir='ltr'><strong><em>πρός</em></strong></span> <span class='ocrx_word' id='word_1_204' title='bbox 770 2384 849 2470; x_wconf 75' lang='grc' dir='ltr'><strong><em>μέγα</em></strong></span> <span class='ocrx_word' id='word_1_205' title='bbox 863 2381 1021 2468; x_wconf 77' lang='grc' dir='ltr'><strong><em>δυνάμεως</em></strong></span> <span class='ocrx_word' id='word_1_206' title='bbox 1036 2383 1116 2452; x_wconf 78' lang='grc' dir='ltr'><strong><em>κατά</em></strong></span> <span class='ocrx_word' id='word_1_207' title='bbox 1130 2385 1234 2473; x_wconf 83' lang='grc' dir='ltr'><strong><em>βραχι)</em></strong></span> 
     </span>
     <span class='ocr_line' id='line_1_22' title="bbox 129 2483 1232 2578; baseline 0.004 -26"><span class='ocrx_word' id='word_1_208' title='bbox 129 2483 271 2572; x_wconf 78' lang='grc' dir='ltr'><strong><em>προϊόντι</em></strong></span> <span class='ocrx_word' id='word_1_209' title='bbox 291 2487 342 2551; x_wconf 78' lang='grc' dir='ltr'><strong>καὶ</strong></span> <span class='ocrx_word' id='word_1_210' title='bbox 362 2488 548 2578; x_wconf 85' lang='grc' dir='ltr'><strong><em>χειρουμένιρ</em></strong></span> <span class='ocrx_word' id='word_1_211' title='bbox 561 2485 663 2564; x_wconf 86' lang='grc' dir='ltr'><strong><em>πόλεις</em></strong></span> <span class='ocrx_word' id='word_1_212' title='bbox 683 2491 734 2554; x_wconf 81' lang='grc' dir='ltr'><strong><em>καλ</em></strong></span> <span class='ocrx_word' id='word_1_213' title='bbox 745 2484 852 2576; x_wconf 85' lang='grc' dir='ltr'><strong><em>χάρας</em></strong></span> <span class='ocrx_word' id='word_1_214' title='bbox 861 2484 1033 2572; x_wconf 78' lang='grc' dir='ltr'><strong><em>Ῥωμαϊκὰς</em></strong></span> <span class='ocrx_word' id='word_1_215' title='bbox 1047 2487 1102 2554; x_wconf 85' lang='grc' dir='ltr'><strong><em>άεέ.</em></strong></span> <span class='ocrx_word' id='word_1_216' title='bbox 1129 2491 1181 2554; x_wconf 81' lang='grc' dir='ltr'><strong><em>καλ</em></strong></span> <span class='ocrx_word' id='word_1_217' title='bbox 1196 2489 1232 2556; x_wconf 85' lang='grc' dir='ltr'><strong>τό</strong></span> 
     </span>
     <span class='ocr_line' id='line_1_23' title="bbox 129 2585 1234 2676; baseline -0.001 -20"><span class='ocrx_word' id='word_1_218' title='bbox 129 2587 187 2676; x_wconf 75' lang='grc' dir='ltr'><strong><em>έαρ</em></strong></span> <span class='ocrx_word' id='word_1_219' title='bbox 210 2591 244 2654; x_wconf 81' lang='grc' dir='ltr'><strong>έν</strong></span> <span class='ocrx_word' id='word_1_220' title='bbox 265 2585 387 2667; x_wconf 88' lang='grc' dir='ltr'><strong><em>τοότοις</em></strong></span> <span class='ocrx_word' id='word_1_221' title='bbox 409 2587 558 2658; x_wconf 76' lang='grc' dir='ltr'><strong><em>έτελεότα.</em></strong></span> <span class='ocrx_word' id='word_1_222' title='bbox 581 2587 735 2676; x_wconf 76' lang='grc' dir='ltr'><strong><em>διαβάσης</em></strong></span> <span class='ocrx_word' id='word_1_223' title='bbox 753 2592 787 2657; x_wconf 78' lang='grc' dir='ltr'><strong><em>δέ</em></strong></span> <span class='ocrx_word' id='word_1_224' title='bbox 804 2590 861 2676; x_wconf 81' lang='grc' dir='ltr'><strong><em>τὴν</em></strong></span> <span class='ocrx_word' id='word_1_225' title='bbox 869 2587 1018 2676; x_wconf 75' lang='grc' dir='ltr'><strong><em>Ῥοδόπην</em></strong></span> <span class='ocrx_word' id='word_1_226' title='bbox 1033 2589 1070 2656; x_wconf 82' lang='grc' dir='ltr'><strong>τό</strong></span> <span class='ocrx_word' id='word_1_227' title='bbox 1085 2587 1159 2676; x_wconf 88' lang='grc' dir='ltr'><strong><em>όρος</em></strong></span> <span class='ocrx_word' id='word_1_228' title='bbox 1176 2597 1234 2676; x_wconf 86' lang='grc' dir='ltr'><strong><em>τῆς</em></strong></span> 
     </span>
     <span class='ocr_line' id='line_1_24' title="bbox 129 2688 1231 2782; baseline 0.002 -24"><span class='ocrx_word' id='word_1_229' title='bbox 129 2717 163 2758; x_wconf 91' lang='grc' dir='ltr'><strong><em>τε</em></strong></span> <span class='ocrx_word' id='word_1_230' title='bbox 182 2688 355 2776; x_wconf 71' lang='grc' dir='ltr'><strong><em>Ῥωμαῖκῆς</em></strong></span> <span class='ocrx_word' id='word_1_231' title='bbox 379 2689 457 2776; x_wconf 84' lang='grc' dir='ltr'><strong>όμοῦ</strong></span> <span class='ocrx_word' id='word_1_232' title='bbox 478 2695 530 2760; x_wconf 87' lang='grc' dir='ltr'><strong><em>καλ</em></strong></span> <span class='ocrx_word' id='word_1_233' title='bbox 550 2697 706 2782; x_wconf 79' lang='grc' dir='ltr'><strong><em>Περσικῆς</em></strong></span> <span class='ocrx_word' id='word_1_234' title='bbox 725 2689 882 2776; x_wconf 81' lang='grc' dir='ltr'><strong><em>δυνάμεως</em></strong></span> <span class='ocrx_word' id='word_1_235' title='bbox 892 2742 903 2774; x_wconf 89' lang='grc'><strong><em>,</em></strong></span> <span class='ocrx_word' id='word_1_236' title='bbox 931 2695 963 2760; x_wconf 82' lang='grc' dir='ltr'><strong>έν</strong></span> <span class='ocrx_word' id='word_1_237' title='bbox 984 2702 1192 2780; x_wconf 86' lang='grc' dir='ltr'><strong><em>παρασκευαΐς</em></strong></span> <span class='ocrx_word' id='word_1_238' title='bbox 1213 2689 1231 2760; x_wconf 88' lang='grc' dir='ltr'><strong><em>ό</em></strong></span> 
     </span>
     <span class='ocr_line' id='line_1_25' title="bbox 129 2788 1233 2898; baseline 0.002 -35"><span class='ocrx_word' id='word_1_239' title='bbox 129 2795 313 2879; x_wconf 84' lang='grc' dir='ltr'><strong><em>Μομιτέλας</em></strong></span> <span class='ocrx_word' id='word_1_240' title='bbox 326 2788 364 2882; x_wconf 83' lang='grc' dir='ltr'><strong><em>ἦν</em></strong></span> <span class='ocrx_word' id='word_1_241' title='bbox 377 2803 434 2898; x_wconf 76' lang='grc' dir='ltr'><strong>τοῦ</strong></span> <span class='ocrx_word' id='word_1_242' title='bbox 448 2795 593 2882; x_wconf 90' lang='grc' dir='ltr'><strong><em>πολέμου.</em></strong></span> <span class='ocrx_word' id='word_1_243' title='bbox 618 2794 677 2883; x_wconf 72' lang='grc' dir='ltr'><strong><em>εἶχε</em></strong></span> <span class='ocrx_word' id='word_1_244' title='bbox 690 2797 750 2887; x_wconf 77' lang='grc' dir='ltr'><strong>γὰρ</strong></span> <span class='ocrx_word' id='word_1_245' title='bbox 764 2797 840 2875; x_wconf 82' lang='grc' dir='ltr'><strong><em>τέως</em></strong></span> <span class='ocrx_word' id='word_1_246' title='bbox 851 2793 954 2875; x_wconf 86' lang='grc' dir='ltr'><strong><em>πόλεις</em></strong></span> <span class='ocrx_word' id='word_1_247' title='bbox 964 2793 1016 2885; x_wconf 77' lang='grc' dir='ltr'><strong>ὕφ’</strong></span> <span class='ocrx_word' id='word_1_248' title='bbox 1031 2793 1132 2888; x_wconf 72' lang='grc' dir='ltr'><strong><em>ἑαυτῆ</em></strong></span> <span class='ocrx_word' id='word_1_249' title='bbox 1143 2792 1233 2872; x_wconf 81' lang='grc' dir='ltr'><strong><em>Ξάν-</em></strong></span> 
     </span>
    </p>
   </div>
   <div class='ocr_carea' id='block_1_3' title="bbox 19 359 21 444">
    <p class='ocr_par' dir='ltr' id='par_1_3' title="bbox 19 359 21 444">
     <span class='ocr_line' id='line_1_26' title="bbox 19 359 21 444; baseline 0 0"><span class='ocrx_word' id='word_1_250' title='bbox 19 359 21 444; x_wconf 73' lang='lat' dir='ltr'><strong>i</strong></span> 
     </span>
    </p>
   </div>
   <div class='ocr_carea' id='block_1_4' title="bbox 121 2959 1233 4413">
    <p class='ocr_par' dir='ltr' id='par_1_4' title="bbox 121 2959 1233 4413">
     <span class='ocr_line' id='line_1_27' title="bbox 128 2959 1233 3031; baseline -0.001 -16"><span class='ocrx_word' id='word_1_251' title='bbox 128 2961 326 3030; x_wconf 52' lang='grc' dir='ltr'><strong><em>ἠπιώτερα,</em></strong></span> <span class='ocrx_word' id='word_1_252' title='bbox 349 2959 459 3014; x_wconf 71' lang='lat' dir='ltr'><strong>detecto</strong></span> <span class='ocrx_word' id='word_1_253' title='bbox 477 2960 577 3029; x_wconf 76' lang='lat' dir='ltr'><strong>magma</strong></span> <span class='ocrx_word' id='word_1_254' title='bbox 596 2977 651 3014; x_wconf 90' lang='lat' dir='ltr'><strong>cum</strong></span> <span class='ocrx_word' id='word_1_255' title='bbox 672 2960 753 3030; x_wconf 89' lang='lat' dir='ltr'><strong>coipia</strong></span> <span class='ocrx_word' id='word_1_256' title='bbox 767 2960 889 3015; x_wconf 70' lang='lat' dir='ltr'><strong>Asiaticis</strong></span> <span class='ocrx_word' id='word_1_257' title='bbox 904 2960 1074 3031; x_wconf 71' lang='lat' dir='ltr'><strong>Hellesponto</strong></span> <span class='ocrx_word' id='word_1_258' title='bbox 1089 2959 1233 3030; x_wconf 81' lang='lat' dir='ltr'><strong>Didymoti-</strong></span> 
     </span>
     <span class='ocr_line' id='line_1_28' title="bbox 129 3029 1233 3100; baseline -0.001 -16"><span class='ocrx_word' id='word_1_259' title='bbox 129 3033 205 3084; x_wconf 83' lang='lat' dir='ltr'><strong>chum</strong></span> <span class='ocrx_word' id='word_1_260' title='bbox 218 3030 300 3093; x_wconf 80' lang='lat' dir='ltr'><strong>venit,</strong></span> <span class='ocrx_word' id='word_1_261' title='bbox 317 3035 396 3100; x_wconf 88' lang='lat' dir='ltr'><strong>atque</strong></span> <span class='ocrx_word' id='word_1_262' title='bbox 409 3029 469 3083; x_wconf 87' lang='lat' dir='ltr'><strong>inde</strong></span> <span class='ocrx_word' id='word_1_263' title='bbox 484 3047 574 3083; x_wconf 77' lang='lat' dir='ltr'><strong>rursm</strong></span> <span class='ocrx_word' id='word_1_264' title='bbox 588 3047 643 3082; x_wconf 90' lang='lat' dir='ltr'><strong>cum</strong></span> <span class='ocrx_word' id='word_1_265' title='bbox 655 3029 809 3100; x_wconf 74' lang='lat' dir='ltr'><strong>imperatore</strong></span> <span class='ocrx_word' id='word_1_266' title='bbox 822 3031 975 3098; x_wconf 78' lang='lat' dir='ltr'><strong>Byzantium</strong></span> <span class='ocrx_word' id='word_1_267' title='bbox 985 3036 1066 3098; x_wconf 84' lang='lat' dir='ltr'><strong>usqne</strong></span> <span class='ocrx_word' id='word_1_268' title='bbox 1078 3045 1233 3098; x_wconf 75' lang='lat' dir='ltr'><strong>progressus</strong></span> 
     </span>
     <span class='ocr_line' id='line_1_29' title="bbox 129 3095 1232 3168; baseline 0 -16"><span class='ocrx_word' id='word_1_269' title='bbox 129 3107 181 3163; x_wconf 87' lang='lat' dir='ltr'><strong>est,</strong></span> <span class='ocrx_word' id='word_1_270' title='bbox 194 3105 223 3152; x_wconf 88' lang='lat' dir='ltr'><strong>et</strong></span> <span class='ocrx_word' id='word_1_271' title='bbox 235 3098 337 3152; x_wconf 77' lang='grc' dir='ltr'><strong><em>νὶιοοόὶ</em></strong></span> <span class='ocrx_word' id='word_1_272' title='bbox 351 3097 446 3164; x_wconf 84' lang='lat' dir='ltr'><strong>studio,</strong></span> <span class='ocrx_word' id='word_1_273' title='bbox 464 3097 585 3164; x_wconf 79' lang='lat' dir='ltr'><strong>atarbio,</strong></span> <span class='ocrx_word' id='word_1_274' title='bbox 604 3099 626 3152; x_wconf 89' lang='lat' dir='ltr'><strong>si</strong></span> <span class='ocrx_word' id='word_1_275' title='bbox 639 3105 779 3168; x_wconf 75' lang='lat' dir='ltr'>oporteret,</span> <span class='ocrx_word' id='word_1_276' title='bbox 791 3097 966 3152; x_wconf 84' lang='lat' dir='ltr'><strong>sollicitandas</strong></span> <span class='ocrx_word' id='word_1_277' title='bbox 979 3115 1066 3150; x_wconf 86' lang='lat' dir='ltr'><strong>cansa.</strong></span> <span class='ocrx_word' id='word_1_278' title='bbox 1101 3097 1165 3150; x_wconf 87' lang='lat' dir='ltr'><strong>Curo</strong></span> <span class='ocrx_word' id='word_1_279' title='bbox 1180 3095 1232 3152; x_wconf 78' lang='lat' dir='ltr'><strong>ita·</strong></span> 
     </span>
     <span class='ocr_line' id='line_1_30' title="bbox 128 3165 1231 3238; baseline -0.003 -15"><span class='ocrx_word' id='word_1_280' title='bbox 128 3185 183 3238; x_wconf 85' lang='lat' dir='ltr'><strong>qus</strong></span> <span class='ocrx_word' id='word_1_281' title='bbox 198 3168 330 3234; x_wconf 80' lang='lat' dir='ltr'><strong>venisset,</strong></span> <span class='ocrx_word' id='word_1_282' title='bbox 359 3174 387 3221; x_wconf 90' lang='lat' dir='ltr'><strong>et</strong></span> <span class='ocrx_word' id='word_1_283' title='bbox 403 3168 472 3220; x_wconf 90' lang='lat' dir='ltr'><strong>iustu</strong></span> <span class='ocrx_word' id='word_1_284' title='bbox 492 3167 576 3236; x_wconf 89' lang='lat' dir='ltr'><strong>spatio</strong></span> <span class='ocrx_word' id='word_1_285' title='bbox 595 3167 747 3234; x_wconf 86' lang='lat' dir='ltr'><strong>interiecto,</strong></span> <span class='ocrx_word' id='word_1_286' title='bbox 768 3167 843 3221; x_wconf 91' lang='lat' dir='ltr'><strong>modo</strong></span> <span class='ocrx_word' id='word_1_287' title='bbox 859 3175 930 3222; x_wconf 87' lang='lat' dir='ltr'><strong>stans</strong></span> <span class='ocrx_word' id='word_1_288' title='bbox 946 3167 1020 3220; x_wconf 88' lang='lat' dir='ltr'><strong>modo</strong></span> <span class='ocrx_word' id='word_1_289' title='bbox 1042 3165 1231 3234; x_wconf 87' lang='lat' dir='ltr'><strong>circumeundo,</strong></span> 
     </span>
     <span class='ocr_line' id='line_1_31' title="bbox 127 3235 1231 3360; baseline -0.001 -1"><span class='ocrx_word' id='word_1_290' title='bbox 127 3235 1231 3360; x_wconf 56' lang='lat' dir='ltr'><strong>tt⁶⁰¹²¹²‘²·‘ttts⁰titit“¹tt’stttzfflttssitttt‘ttttttsttmtss</strong></span> 
     </span>
     <span class='ocr_line' id='line_1_32' title="bbox 127 3322 1231 3444; baseline 0.001 -17"><span class='ocrx_word' id='word_1_291' title='bbox 127 3322 293 3428; x_wconf 43' lang='lat' dir='ltr'><strong>sumpiiiies</strong></span> <span class='ocrx_word' id='word_1_292' title='bbox 316 3325 542 3428; x_wconf 60' lang='lat' dir='ltr'><strong>circumductai’um</strong></span> <span class='ocrx_word' id='word_1_293' title='bbox 565 3374 688 3428; x_wconf 80' lang='lat' dir='ltr'><strong>fossarum</strong></span> <span class='ocrx_word' id='word_1_294' title='bbox 708 3375 927 3440; x_wconf 73' lang='lat' dir='ltr'><strong>substructiones,</strong></span> <span class='ocrx_word' id='word_1_295' title='bbox 941 3324 1004 3428; x_wconf 67' lang='lat' dir='ltr'><strong>iun</strong></span> <span class='ocrx_word' id='word_1_296' title='bbox 1023 3373 1133 3444; x_wconf 87' lang='lat' dir='ltr'><strong>denique</strong></span> <span class='ocrx_word' id='word_1_297' title='bbox 1153 3342 1231 3428; x_wconf 68' lang='grc' dir='ltr'><strong><em>’τίσω</em></strong></span> 
     </span>
     <span class='ocr_line' id='line_1_33' title="bbox 127 3442 1231 3515; baseline 0.002 -19"><span class='ocrx_word' id='word_1_298' title='bbox 127 3445 215 3515; x_wconf 89' lang='lat' dir='ltr'><strong>ipsnrn</strong></span> <span class='ocrx_word' id='word_1_299' title='bbox 227 3452 255 3496; x_wconf 90' lang='lat' dir='ltr'><strong>et</strong></span> <span class='ocrx_word' id='word_1_300' title='bbox 266 3443 379 3496; x_wconf 83' lang='lat' dir='ltr'><strong>ordinem</strong></span> <span class='ocrx_word' id='word_1_301' title='bbox 391 3445 646 3514; x_wconf 81' lang='lat' dir='ltr'><strong>propugnaculorum.</strong></span> <span class='ocrx_word' id='word_1_302' title='bbox 663 3445 733 3498; x_wconf 88' lang='lat' dir='ltr'><strong>Idem</strong></span> <span class='ocrx_word' id='word_1_303' title='bbox 745 3462 832 3498; x_wconf 86' lang='lat' dir='ltr'><strong>rursus</strong></span> <span class='ocrx_word' id='word_1_304' title='bbox 845 3444 1028 3509; x_wconf 87' lang='lat' dir='ltr'><strong>admirabatur,</strong></span> <span class='ocrx_word' id='word_1_305' title='bbox 1042 3443 1110 3514; x_wconf 92' lang='lat' dir='ltr'><strong>quod</strong></span> <span class='ocrx_word' id='word_1_306' title='bbox 1121 3442 1149 3496; x_wconf 93' lang='lat' dir='ltr'><strong>in</strong></span> <span class='ocrx_word' id='word_1_307' title='bbox 1162 3460 1231 3498; x_wconf 86' lang='lat' dir='ltr'><strong>sum·</strong></span> 
     </span>
     <span class='ocr_line' id='line_1_34' title="bbox 126 3511 1231 3583; baseline 0.002 -17"><span class='ocrx_word' id='word_1_308' title='bbox 126 3513 177 3566; x_wconf 88' lang='lat' dir='ltr'><strong>ruis</strong></span> <span class='ocrx_word' id='word_1_309' title='bbox 193 3511 325 3566; x_wconf 84' lang='lat' dir='ltr'><strong>moenibus</strong></span> <span class='ocrx_word' id='word_1_310' title='bbox 341 3529 391 3565; x_wconf 89' lang='lat' dir='ltr'><strong>nou</strong></span> <span class='ocrx_word' id='word_1_311' title='bbox 405 3521 544 3583; x_wconf 86' lang='lat' dir='ltr'><strong>appareret</strong></span> <span class='ocrx_word' id='word_1_312' title='bbox 554 3530 586 3566; x_wconf 85' lang='lat' dir='ltr'><strong>ea</strong></span> <span class='ocrx_word' id='word_1_313' title='bbox 601 3513 728 3568; x_wconf 88' lang='lat' dir='ltr'><strong>hominum</strong></span> <span class='ocrx_word' id='word_1_314' title='bbox 742 3513 901 3583; x_wconf 73' lang='lat' dir='ltr'><strong>frementia,</strong></span> <span class='ocrx_word' id='word_1_315' title='bbox 919 3531 985 3583; x_wconf 84' lang='lat' dir='ltr'><strong>quae</strong></span> <span class='ocrx_word' id='word_1_316' title='bbox 997 3514 1062 3567; x_wconf 86' lang='lat' dir='ltr'><strong>solet</strong></span> <span class='ocrx_word' id='word_1_317' title='bbox 1076 3530 1134 3568; x_wconf 84' lang='lat' dir='ltr'><strong>esse</strong></span> <span class='ocrx_word' id='word_1_318' title='bbox 1145 3513 1174 3566; x_wconf 91' lang='lat' dir='ltr'><strong>in</strong></span> <span class='ocrx_word' id='word_1_319' title='bbox 1187 3529 1231 3568; x_wconf 87' lang='lat' dir='ltr'><strong>nr·</strong></span> 
     </span>
     <span class='ocr_line' id='line_1_35' title="bbox 126 3579 1231 3652; baseline 0.004 -20"><span class='ocrx_word' id='word_1_320' title='bbox 126 3582 204 3634; x_wconf 83' lang='lat' dir='ltr'><strong>bibus</strong></span> <span class='ocrx_word' id='word_1_321' title='bbox 218 3579 319 3649; x_wconf 69' lang='lat' dir='ltr'><strong>magum</strong></span> <span class='ocrx_word' id='word_1_322' title='bbox 337 3588 366 3634; x_wconf 89' lang='lat' dir='ltr'><strong>et</strong></span> <span class='ocrx_word' id='word_1_323' title='bbox 381 3599 472 3651; x_wconf 77' lang='lat' dir='ltr'><strong>magno</strong></span> <span class='ocrx_word' id='word_1_324' title='bbox 490 3581 584 3635; x_wconf 85' lang='lat' dir='ltr'><strong>civium</strong></span> <span class='ocrx_word' id='word_1_325' title='bbox 603 3599 705 3636; x_wconf 85' lang='lat' dir='ltr'><strong>numeru</strong></span> <span class='ocrx_word' id='word_1_326' title='bbox 721 3583 839 3648; x_wconf 78' lang='lat' dir='ltr'><strong>refertis3</strong></span> <span class='ocrx_word' id='word_1_327' title='bbox 856 3583 902 3636; x_wconf 85' lang='lat' dir='ltr'><strong>sed</strong></span> <span class='ocrx_word' id='word_1_328' title='bbox 919 3583 1008 3652; x_wconf 87' lang='lat' dir='ltr'><strong>paucis</strong></span> <span class='ocrx_word' id='word_1_329' title='bbox 1023 3583 1145 3652; x_wconf 83' lang='lat' dir='ltr'><strong>demptis,</strong></span> <span class='ocrx_word' id='word_1_330' title='bbox 1163 3581 1231 3636; x_wconf 90' lang='lat' dir='ltr'><strong>omni</strong></span> 
     </span>
     <span class='ocr_line' id='line_1_36' title="bbox 126 3649 1230 3721; baseline 0.002 -17"><span class='ocrx_word' id='word_1_331' title='bbox 126 3649 222 3704; x_wconf 81' lang='lat' dir='ltr'><strong>bellico</strong></span> <span class='ocrx_word' id='word_1_332' title='bbox 243 3657 369 3718; x_wconf 86' lang='lat' dir='ltr'><strong>apparatu</strong></span> <span class='ocrx_word' id='word_1_333' title='bbox 389 3651 507 3720; x_wconf 86' lang='lat' dir='ltr'><strong>omniqua</strong></span> <span class='ocrx_word' id='word_1_334' title='bbox 526 3650 655 3721; x_wconf 87' lang='lat' dir='ltr'><strong>praesidio</strong></span> <span class='ocrx_word' id='word_1_335' title='bbox 674 3653 812 3706; x_wconf 86' lang='lat' dir='ltr'><strong>destitutus</strong></span> <span class='ocrx_word' id='word_1_336' title='bbox 830 3669 917 3710; x_wconf 87' lang='lat' dir='ltr'><strong>murus</strong></span> <span class='ocrx_word' id='word_1_337' title='bbox 931 3651 1069 3706; x_wconf 81' lang='lat' dir='ltr'><strong>videratur.</strong></span> <span class='ocrx_word' id='word_1_338' title='bbox 1103 3651 1230 3706; x_wconf 83' lang='lat' dir='ltr'><strong>Nimirum</strong></span> 
     </span>
     <span class='ocr_line' id='line_1_37' title="bbox 125 3718 1230 3791; baseline 0.002 -19"><span class='ocrx_word' id='word_1_339' title='bbox 125 3723 290 3788; x_wconf 80' lang='lat' dir='ltr'><strong>Apocaucus,</strong></span> <span class='ocrx_word' id='word_1_340' title='bbox 308 3718 444 3772; x_wconf 83' lang='lat' dir='ltr'><strong>intestinos</strong></span> <span class='ocrx_word' id='word_1_341' title='bbox 456 3719 539 3790; x_wconf 87' lang='lat' dir='ltr'><strong>plebis</strong></span> <span class='ocrx_word' id='word_1_342' title='bbox 552 3729 634 3773; x_wconf 85' lang='lat' dir='ltr'><strong>motus</strong></span> <span class='ocrx_word' id='word_1_343' title='bbox 648 3737 686 3774; x_wconf 86' lang='lat' dir='ltr'><strong>ma</strong></span> <span class='ocrx_word' id='word_1_344' title='bbox 706 3719 728 3773; x_wconf 88' lang='lat' dir='ltr'><strong>is</strong></span> <span class='ocrx_word' id='word_1_345' title='bbox 740 3721 847 3786; x_wconf 80' lang='lat' dir='ltr'><strong>veritus,</strong></span> <span class='ocrx_word' id='word_1_346' title='bbox 859 3739 935 3791; x_wconf 88' lang='lat' dir='ltr'><strong>qnam</strong></span> <span class='ocrx_word' id='word_1_347' title='bbox 949 3728 1110 3775; x_wconf 86' lang='lat' dir='ltr'><strong>externorum</strong></span> <span class='ocrx_word' id='word_1_348' title='bbox 1120 3720 1230 3774; x_wconf 83' lang='lat' dir='ltr'><strong>bostium</strong></span> 
     </span>
     <span class='ocr_line' id='line_1_38' title="bbox 126 3740 1230 3928; baseline 0.002 -20"><span class='ocrx_word' id='word_1_349' title='bbox 126 3740 1230 3928; x_wconf 63' lang='lat' dir='ltr'><strong>nnnnnnnnnsntsssnonnmnns</strong></span> 
     </span>
     <span class='ocr_line' id='line_1_39' title="bbox 614 3897 1018 3922; baseline 0 -10"><span class='ocrx_word' id='word_1_350' title='bbox 614 3897 621 3922; x_wconf 90' lang='lat'>,</span> <span class='ocrx_word' id='word_1_351' title='bbox 1012 3899 1018 3912; x_wconf 91' lang='lat'><em>.</em></span> 
     </span>
     <span class='ocr_line' id='line_1_40' title="bbox 126 3923 1229 3995; baseline -0.001 -17"><span class='ocrx_word' id='word_1_352' title='bbox 126 3923 192 3978; x_wconf 83' lang='lat' dir='ltr'><strong>alios</strong></span> <span class='ocrx_word' id='word_1_353' title='bbox 210 3925 282 3978; x_wconf 85' lang='lat' dir='ltr'><strong>intus</strong></span> <span class='ocrx_word' id='word_1_354' title='bbox 295 3935 427 3995; x_wconf 87' lang='lat' dir='ltr'><strong>portarum</strong></span> <span class='ocrx_word' id='word_1_355' title='bbox 448 3927 566 3979; x_wconf 82' lang='lat' dir='ltr'><strong>custodes</strong></span> <span class='ocrx_word' id='word_1_356' title='bbox 585 3929 771 3992; x_wconf 85' lang='lat' dir='ltr'><strong>constituerat,</strong></span> <span class='ocrx_word' id='word_1_357' title='bbox 794 3937 825 3982; x_wconf 88' lang='lat' dir='ltr'><strong>ut</strong></span> <span class='ocrx_word' id='word_1_358' title='bbox 837 3929 963 3982; x_wconf 85' lang='lat' dir='ltr'><strong>insomnes</strong></span> <span class='ocrx_word' id='word_1_359' title='bbox 981 3929 1153 3982; x_wconf 76' lang='lat' dir='ltr'><strong>excubarent:</strong></span> <span class='ocrx_word' id='word_1_360' title='bbox 1170 3925 1229 3978; x_wconf 82' lang='lat' dir='ltr'><strong>ediis</strong></span> 
     </span>
     <span class='ocr_line' id='line_1_41' title="bbox 127 3993 1230 4067; baseline 0 -21"><span class='ocrx_word' id='word_1_361' title='bbox 127 4001 158 4046; x_wconf 85' lang='lat' dir='ltr'><strong>ut</strong></span> <span class='ocrx_word' id='word_1_362' title='bbox 170 3993 272 4048; x_wconf 84' lang='lat' dir='ltr'><strong>moenia</strong></span> <span class='ocrx_word' id='word_1_363' title='bbox 285 4002 363 4047; x_wconf 89' lang='lat' dir='ltr'><strong>noctu</strong></span> <span class='ocrx_word' id='word_1_364' title='bbox 375 3993 546 4058; x_wconf 84' lang='lat' dir='ltr'><strong>circumirent,</strong></span> <span class='ocrx_word' id='word_1_365' title='bbox 557 4013 603 4048; x_wconf 89' lang='lat' dir='ltr'><strong>nec</strong></span> <span class='ocrx_word' id='word_1_366' title='bbox 615 4014 666 4050; x_wconf 91' lang='lat' dir='ltr'><strong>non</strong></span> <span class='ocrx_word' id='word_1_367' title='bbox 678 3996 837 4050; x_wconf 76' lang='lat' dir='ltr'><strong>tutaminum</strong></span> <span class='ocrx_word' id='word_1_368' title='bbox 849 3999 936 4052; x_wconf 79' lang='lat' dir='ltr'><strong>urbana</strong></span> <span class='ocrx_word' id='word_1_369' title='bbox 948 3997 1140 4067; x_wconf 84' lang='lat' dir='ltr'><strong>perlustrarent,</strong></span> <span class='ocrx_word' id='word_1_370' title='bbox 1154 4011 1230 4062; x_wconf 82' lang='lat' dir='ltr'><strong>prae·</strong></span> 
     </span>
     <span class='ocr_line' id='line_1_42' title="bbox 124 4061 1229 4135; baseline 0.003 -21"><span class='ocrx_word' id='word_1_371' title='bbox 124 4070 241 4132; x_wconf 77' lang='lat' dir='ltr'><strong>ceperat.</strong></span> <span class='ocrx_word' id='word_1_372' title='bbox 279 4063 356 4132; x_wconf 86' lang='grc' dir='ltr'>(ΙΙΙ.)</span> <span class='ocrx_word' id='word_1_373' title='bbox 374 4063 493 4117; x_wconf 88' lang='lat' dir='ltr'><strong>Nondum</strong></span> <span class='ocrx_word' id='word_1_374' title='bbox 507 4064 563 4116; x_wconf 89' lang='lat' dir='ltr'><strong>dies</strong></span> <span class='ocrx_word' id='word_1_375' title='bbox 583 4074 693 4135; x_wconf 87' lang='lat' dir='ltr'><strong>quatuor</strong></span> <span class='ocrx_word' id='word_1_376' title='bbox 707 4065 877 4130; x_wconf 83' lang='lat' dir='ltr'><strong>effluxerant,</strong></span> <span class='ocrx_word' id='word_1_377' title='bbox 912 4084 971 4120; x_wconf 88' lang='lat' dir='ltr'><strong>uum</strong></span> <span class='ocrx_word' id='word_1_378' title='bbox 983 4065 1121 4135; x_wconf 87' lang='lat' dir='ltr'><strong>imperator</strong></span> <span class='ocrx_word' id='word_1_379' title='bbox 1135 4061 1229 4117; x_wconf 82' lang='lat' dir='ltr'><strong>castris</strong></span> 
     </span>
     <span class='ocr_line' id='line_1_43' title="bbox 123 4131 1228 4214; baseline 0 -30"><span class='ocrx_word' id='word_1_380' title='bbox 123 4131 202 4184; x_wconf 84' lang='lat' dir='ltr'><strong>motis</strong></span> <span class='ocrx_word' id='word_1_381' title='bbox 218 4131 351 4200; x_wconf 82' lang='lat' dir='ltr'><strong>proiectus</strong></span> <span class='ocrx_word' id='word_1_382' title='bbox 370 4141 412 4186; x_wconf 88' lang='lat' dir='ltr'><strong>est</strong></span> <span class='ocrx_word' id='word_1_383' title='bbox 424 4149 480 4186; x_wconf 87' lang='lat' dir='ltr'><strong>curn</strong></span> <span class='ocrx_word' id='word_1_384' title='bbox 494 4134 614 4200; x_wconf 76' lang='lat' dir='ltr'><strong>Auctio,</strong></span> <span class='ocrx_word' id='word_1_385' title='bbox 631 4134 805 4188; x_wconf 85' lang='lat' dir='ltr'><strong>debellaturus</strong></span> <span class='ocrx_word' id='word_1_386' title='bbox 818 4135 984 4199; x_wconf 67' lang='lat' dir='ltr'><strong>Mummiam,</strong></span> <span class='ocrx_word' id='word_1_387' title='bbox 1002 4134 1047 4204; x_wconf 89' lang='lat' dir='ltr'><strong>qui</strong></span> <span class='ocrx_word' id='word_1_388' title='bbox 1063 4133 1097 4186; x_wconf 89' lang='lat' dir='ltr'><strong>ad</strong></span> <span class='ocrx_word' id='word_1_389' title='bbox 1112 4147 1228 4214; x_wconf 68' lang='lat' dir='ltr'><strong>magnam</strong></span> 
     </span>
     <span class='ocr_line' id='line_1_44' title="bbox 123 4197 1228 4274; baseline 0 -22"><span class='ocrx_word' id='word_1_390' title='bbox 123 4197 248 4268; x_wconf 86' lang='lat' dir='ltr'><strong>paulatim</strong></span> <span class='ocrx_word' id='word_1_391' title='bbox 263 4201 401 4268; x_wconf 86' lang='lat' dir='ltr'><strong>potentiam</strong></span> <span class='ocrx_word' id='word_1_392' title='bbox 414 4211 584 4272; x_wconf 62' lang='lat' dir='ltr'><strong>perseuerat.</strong></span> <span class='ocrx_word' id='word_1_393' title='bbox 602 4205 729 4274; x_wconf 87' lang='lat' dir='ltr'><strong>urbesque</strong></span> <span class='ocrx_word' id='word_1_394' title='bbox 743 4213 771 4256; x_wconf 86' lang='lat' dir='ltr'><strong>et</strong></span> <span class='ocrx_word' id='word_1_395' title='bbox 784 4212 869 4257; x_wconf 85' lang='lat' dir='ltr'><strong>terrra</strong></span> <span class='ocrx_word' id='word_1_396' title='bbox 883 4205 1011 4256; x_wconf 85' lang='lat' dir='ltr'><strong>Romanas</strong></span> <span class='ocrx_word' id='word_1_397' title='bbox 1024 4199 1139 4272; x_wconf 87' lang='lat' dir='ltr'><strong>quotidie</strong></span> <span class='ocrx_word' id='word_1_398' title='bbox 1152 4217 1228 4252; x_wconf 79' lang='lat' dir='ltr'><strong>nnva-</strong></span> 
     </span>
     <span class='ocr_line' id='line_1_45' title="bbox 122 4269 1228 4343; baseline 0 -21"><span class='ocrx_word' id='word_1_399' title='bbox 122 4269 214 4322; x_wconf 86' lang='lat' dir='ltr'><strong>debat.</strong></span> <span class='ocrx_word' id='word_1_400' title='bbox 248 4271 334 4338; x_wconf 76' lang='lat' dir='ltr'><strong>Atqsm</strong></span> <span class='ocrx_word' id='word_1_401' title='bbox 352 4271 421 4324; x_wconf 85' lang='lat' dir='ltr'><strong>iuter</strong></span> <span class='ocrx_word' id='word_1_402' title='bbox 438 4272 503 4326; x_wconf 89' lang='lat' dir='ltr'><strong>baec</strong></span> <span class='ocrx_word' id='word_1_403' title='bbox 523 4289 569 4325; x_wconf 85' lang='lat' dir='ltr'><strong>ver</strong></span> <span class='ocrx_word' id='word_1_404' title='bbox 584 4271 657 4324; x_wconf 88' lang='lat' dir='ltr'><strong>abiit.</strong></span> <span class='ocrx_word' id='word_1_405' title='bbox 692 4273 876 4343; x_wconf 65' lang='lat' dir='ltr'><strong>&#39;transgressis</strong></span> <span class='ocrx_word' id='word_1_406' title='bbox 892 4271 1035 4342; x_wconf 85' lang='lat' dir='ltr'><strong>Rhodopen</strong></span> <span class='ocrx_word' id='word_1_407' title='bbox 1051 4277 1160 4324; x_wconf 87' lang='lat' dir='ltr'><strong>moutarn</strong></span> <span class='ocrx_word' id='word_1_408' title='bbox 1174 4269 1228 4322; x_wconf 83' lang='lat' dir='ltr'><strong>Ro-</strong></span> 
     </span>
     <span class='ocr_line' id='line_1_46' title="bbox 121 4335 1228 4413; baseline 0.002 -22"><span class='ocrx_word' id='word_1_409' title='bbox 121 4335 205 4392; x_wconf 85' lang='lat' dir='ltr'><strong>rnanis</strong></span> <span class='ocrx_word' id='word_1_410' title='bbox 217 4335 333 4392; x_wconf 85' lang='lat' dir='ltr'><strong>simulet</strong></span> <span class='ocrx_word' id='word_1_411' title='bbox 345 4339 459 4393; x_wconf 81' lang='lat' dir='ltr'><strong>Persicis</strong></span> <span class='ocrx_word' id='word_1_412' title='bbox 469 4339 577 4406; x_wconf 80' lang='lat' dir='ltr'><strong>viribus,</strong></span> <span class='ocrx_word' id='word_1_413' title='bbox 588 4341 676 4413; x_wconf 86' lang='lat' dir='ltr'><strong>coepit</strong></span> <span class='ocrx_word' id='word_1_414' title='bbox 689 4342 781 4396; x_wconf 83' lang='lat' dir='ltr'><strong>bellurn</strong></span> <span class='ocrx_word' id='word_1_415' title='bbox 793 4357 921 4412; x_wconf 87' lang='lat' dir='ltr'><strong>apparare</strong></span> <span class='ocrx_word' id='word_1_416' title='bbox 933 4339 1081 4398; x_wconf 84' lang='lat' dir='ltr'><strong>Moudtilas.</strong></span> <span class='ocrx_word' id='word_1_417' title='bbox 1105 4339 1228 4394; x_wconf 83' lang='lat' dir='ltr'><strong>Habebat</strong></span> 
     </span>
    </p>
   </div>
   <div class='ocr_carea' id='block_1_5' title="bbox 0 0 1502 4830">
    <p class='ocr_par' dir='ltr' id='par_1_5' title="bbox 0 0 1502 4830">
     <span class='ocr_line' id='line_1_47' title="bbox 0 0 1502 4830; baseline 0 4"><span class='ocrx_word' id='word_1_418' title='bbox 0 0 1502 4830; x_wconf 95' lang='lat' dir='ltr'><strong> </strong></span> 
     </span>
    </p>
   </div>
  </div>
 </body>
</html>
