2966 4826
463 275 819 390 snuorsusonus.
1111 313 1206 385 sans

83 477 157 557 quud
178 478 259 539 idean
278 479 340 540 lese
357 486 410 540 ssa
452 479 557 558 ltaque
579 477 727 556 Gregoras
741 477 911 540 distantiam
930 475 1052 539 dimidio
1068 480 1210 541 maiorem

82 563 205 625 credidit
227 584 313 643 quarn
329 583 434 622 revera
456 574 543 626 esset.
584 583 700 624 servan.

161 653 231 730 Peg.
254 655 332 723 217,
354 655 406 713 21.
451 649 513 710 Καὶ
535 644 586 710 sisoi
611 647 731 728 μελέτης
752 641 937 726 ποιούμενος
958 651 1063 723 τοῦτο,
1094 646 1210 730 μακρεὲς

80 729 175 815 λάθρα
189 729 378 814 ἒναυττήγησε
391 732 486 812 ναῦς]
509 733 539 792 Si
558 733 655 811 leges,
679 742 714 792 ut
730 731 840 810 legitur
853 734 885 792 in
904 732 1015 792 Codice
1028 735 1136 811 liegio,
1158 734 1211 796 sei

81 816 128 881 sissi
143 818 262 899 μελέτης
277 813 461 896 ποιούμενος
479 821 568 880 τοῦτο
583 821 716 896 μακρᾶς,
737 813 839 897 λάθρα
855 817 1065 898 ἐναυπηγεῖτο,
1086 829 1211 878 veneu-

80 903 147 964 dum
169 905 241 980 erit,
262 925 326 964 enm
349 925 408 962 reus
431 900 773 983 annumerandum,
803 901 988 962 nouaclum
1016 901 1210 964 construebat.

79 1009 188 1049 servan.

157 1071 230 1150 Peg.
253 1075 330 1146 218,
352 1074 381 1150 8.
425 1067 573 1138 Ξυνέπεσε
595 1069 647 1152 di]
691 1069 868 1150 Pschymer.
899 1070 952 1132 lib.
974 1070 1028 1134 Xl.
1054 1091 1119 1152 cap.
1142 1071 1209 1134 ΧΗ.

80 1159 159 1220 ΧΧΙ.
174 1156 285 1216 xxtlt.
298 1155 406 1216 XXIV.
422 1155 532 1220 XXVI.
553 1157 713 1236 Rogeriuns
726 1165 817 1218 vocet
832 1156 984 1236 quomodo
999 1156 1025 1216 is
1037 1157 1210 1237 appellaba-

78 1252 135 1302 tur.
172 1259 303 1300 nucauc.

160 1323 284 1384 Ibidem.
324 1321 517 1403 Ῥοντζέριον]
540 1325 705 1406 Interpres,
726 1335 761 1386 ut
782 1335 811 1386 et
828 1325 969 1386 Pessinos
992 1323 1071 1404 apud
1093 1323 1211 1404 Pachy-

78 1429 201 1484 merem,
223 1429 379 1489 perperam
392 1405 581 1470 Remurium
596 1413 698 1474 vertit.
740 1412 862 1472 Rectius
876 1412 1027 1470 Pantanus
1046 1409 1085 1469 ad
1099 1409 1213 1470 Phren-

77 1515 140 1556 τετε
154 1491 313 1572 Reperiam
328 1503 426 1570 vocat,
449 1496 601 1572 quomodo
613 1497 640 1556 is
653 1495 877 1580 appellabatur;
900 1499 996 1570 cuius,
1012 1505 1047 1554 ut
1064 1504 1093 1554 et
1108 1505 1212 1554 cacte-

76 1599 177 1640 rorum
196 1580 404 1640 Cassianarum
423 1580 570 1640 nobilium
592 1581 642 1642 hic
664 1592 912 1657 memoratorum,
940 1579 1095 1640 historiam
1118 1580 1213 1639 belli-

77 1683 185 1742 casque
198 1664 229 1722 in
244 1666 367 1724 Graecia
385 1665 607 1744 expeditiones,
630 1667 737 1745 quibus
752 1667 878 1746 ipsemet
891 1663 1045 1738 interfuit,
1066 1664 1213 1744 peculiari

76 1750 288 1810 commentario
311 1751 410 1826 lingue
432 1751 603 1810 Catelanica
626 1752 786 1831 descripsit
807 1751 976 1810 Rsmondue
997 1749 1212 1810 lllontanerius.

74 1835 137 1894 Nus
153 1835 240 1892 etiam
257 1855 295 1894 ex
309 1855 344 1894 eo
357 1835 483 1912 aliisque
500 1836 698 1917 scriptoribus
713 1836 791 1896 hesso
806 1835 1023 1894 illustravimus
1037 1833 1069 1892 in
1083 1833 1213 1892 Historia

74 1929 178 1978 nostra
191 1919 507 1998 Franco-Byzantina
522 1922 572 1984 Vl.
587 1927 637 1988 24.
658 1931 688 1980 et
702 1943 785 2001 seqq.
828 1920 930 1996 Unde,
948 1940 985 1980 ue
1005 1927 1105 1978 actum
1124 1937 1212 1994 agere

75 2005 220 2078 dicamur,
244 2025 311 2064 cuns
332 2004 486 2082 quidpiam
501 2003 551 2064 hic
568 2016 717 2082 occurret,
739 2005 822 2086 quod
832 2005 910 2065 hanc
919 2013 1045 2086 spectet,
1061 2023 1096 2063 eo
1113 2023 1212 2062 aman.

75 2089 147 2148 dsre
161 2089 303 2149 lectorem
319 2088 480 2148 suffecerit.
512 2112 643 2152 nucesc.

157 2171 233 2253 Pag·
259 2180 331 2248 218,
354 2179 384 2240 9.
425 2167 552 2256 Ἰβηρίας
574 2181 629 2257 τῆς
651 2169 751 2255 κάτω]
775 2173 943 2234 cataloniae
962 2173 1150 2254 provinciam
1170 2172 1213 2232 sio

75 2257 210 2336 designat
230 2262 262 2320 iu
285 2257 424 2320 intariori
440 2259 583 2342 Hispania
600 2262 637 2322 sd
655 2261 770 2322 Galliae
784 2261 858 2320 fines
874 2261 974 2334 sitam,
1005 2258 1054 2318 ubi
1069 2258 1214 2337 Pyrenaei

73 2353 209 2420 montes,
231 2365 307 2425 quos
323 2365 385 2405 nou
404 2363 484 2406 uuus
505 2368 542 2408 ex
566 2347 766 2428 scriptoribus
783 2345 904 2426 Alpium
926 2344 1044 2404 nomine
1064 2342 1214 2422 indigitat.

72 2447 202 2488 soemo.

158 2513 232 2596 Peg.
255 2519 333 2590 219,
353 2517 384 2576 9.
418 2506 519 2576 Ὅθεν
535 2513 623 2598 ἔαρος
636 2513 849 2593 τελευτῶντος]
871 2513 975 2573 loaun.
990 2512 1144 2575 villanae·
1159 2512 1212 2577 lib.

73 2597 154 2660 VllI.
176 2603 308 2680 cnp.34.
350 2617 485 2660 neusse.

160 2703 232 2779 Peg.
254 2705 331 2774 219,
355 2705 404 2766 12.
418 2694 503 2780 “Apu
519 2689 705 2786 ἦριττᾶσετ]
727 2700 924 2766 1111101802
944 2699 1046 2760 loann.
1061 2699 1215 2762 Villaneus

73 2783 130 2843 lib.
147 2782 223 2847 Vlll.
239 2804 303 2864 cap.
322 2789 374 2852 49.
416 2804 545 2845 uucsue.

163 2888 235 2966 Peg·
259 2889 339 2962 220,
361 2891 391 2950 9.
431 2868 674 2968 Ἀμορεβᾶρους]
703 2885 780 2948 Vide
801 2885 915 2948 Hister.
939 2885 1213 2965 Franco-Byzant.

72 2969 127 3031 lib.
141 2968 192 3030 Vl.
207 2989 235 3030 n.
251 2975 301 3036 24.
317 2979 347 3030 et
361 2971 460 3031 Gloss.
478 2973 557 3036 med.
571 2971 703 3032 Graecit.
725 2991 856 3035 ncesse.
891 2965 1130 3054 Ἀμογαβᾶρους]
1151 2969 1216 3031 Al-

72 3075 261 3136 mugnunros.
302 3055 373 3158 Vosq
394 3065 540 3159 estmere
559 3057 700 3160 denqiue,
723 3079 740 3116 a
760 3057 862 3156 radice
883 3059 975 3136 garn,
998 3056 1093 3116 media
1113 3077 1214 3130 venun,

72 3141 158 3284 Bada
173 3137 405 3221 Almugcuerus,
426 3161 483 3202 usrs
501 3139 642 3204 bellicose.
684 3141 729 3203 Ite
749 3161 852 3224 accept
873 3161 911 3201 ex
932 3141 970 3205 V.
991 3141 1036 3200 cl.
1056 3141 1217 3202 Salomone

103 3243 267 3287 amasceno.
311 3245 427 3284 sorvis.

164 3329 237 3408 Peg.
258 3331 337 3402 220,
362 3325 411 3392 14.
453 3320 535 3389 ’Fasti
552 3323 585 3389 di
602 3323 674 3408 μετᾶ
690 3323 817 3409 usseris]
838 3327 952 3406 Nempe
972 3333 1043 3406 post
1057 3323 1216 3384 Asiaticum

73 3411 298 3494 expeditionem
316 3411 435 3490 liugerii
456 3413 608 3488 Caesaris,
641 3433 711 3472 oum
733 3413 785 3474 ille
809 3413 842 3472 iu
858 3411 1019 3473 Threciam
1042 3411 1216 3470 transiisset.

71 3495 254 3577 Puclsysues·.
270 3498 322 3555 lib.
339 3499 407 3559 ΧΠ.
425 3519 490 3578 cup.
506 3502 537 3563 4.
579 3518 712 3562 nucsuc.

164 3603 237 3679 Pssg·
264 3605 344 3676 220,
370 3599 419 3666 15.
472 3597 682 3682 Περιγκὲριος]
725 3597 847 3659 Rectius
870 3595 1046 3678 Pachymer.
1070 3595 1124 3658 lib.
1150 3595 1216 3656 Xll.

72 3704 143 3762 cap.
158 3689 188 3750 4.
207 3693 236 3742 et
250 3685 320 3743 alibi
336 3683 560 3768 Μττυριγὲριος,
582 3685 608 3744 is
631 3685 743 3764 quippe
762 3685 929 3744 vocabatur
942 3681 1138 3765 Berengnrias
1154 3681 1217 3740 En·

72 3783 173 3839 senze,
196 3767 397 3855 seuErssenqn.
422 3773 553 3830 Graecos
571 3769 828 3830 enisuLatinumB
843 3791 898 3850 per
912 3773 973 3832 Mas
988 3769 1093 3830 efferre
1107 3765 1216 3841 solere,

74 3849 222 3910 docemus
248 3855 279 3912 in
304 3855 400 3918 Gloss.
423 3856 503 3916 med.
529 3855 658 3914 Graecit.
680 3855 850 3933 Bereugarii
876 3854 987 3914 natales
1014 3853 1164 3932 attigimus
1185 3853 1218 3909 in

71 3934 157 3996 llist.
173 3936 447 4015 Frutco-Byzaut.
471 3939 577 4000 eodem
598 3939 667 4001 libr.
680 3937 732 4000 Vl.
750 3960 780 3998 n.
797 3945 849 4006 28.
892 3939 978 3998 lllius
998 3959 1088 4018 porro
1110 3955 1217 3996 nomen

70 4021 156 4078 male
172 4024 320 4100 expressit
332 4023 458 4084 Wolfius
483 4025 565 4108 apud
588 4027 765 4102 Gregornm,
788 4034 820 4086 et
837 4025 980 4085 Possinus
997 4023 1079 4104 apud
1094 4017 1219 4097 Psclsy-

70 4125 199 4166 suerem.
243 4127 375 4166 nocane.

167 4211 237 4290 Peg.
261 4214 340 4280 220,
363 4214 412 4274 16.
439 4206 478 4274 Td
495 4215 550 4275 τοῦ
564 4209 737 4294 Καίσαρος]
760 4205 1217 4292 Paclaysner.lib.Xll.oap.16.

76 4299 131 4358 17.
152 4298 204 4360 18.
220 4299 271 4361 22.
315 4314 444 4355 uocaus.
