3084 4828
384 357 620 432 HISTORIAE
640 355 916 429 BYZANPINAE
932 353 1065 429 XXI-3.
1167 343 1267 418 1009

171 523 267 612 μόνον
280 526 313 594 ἐκ
324 533 382 612 τῆς
394 519 612 610 πολυγλώσσου
626 528 762 612 κραυγῆς
774 521 887 606 ἐκείνης
899 522 951 586 καλ
966 519 1127 608 τρικυμίας
1137 521 1195 610 ,καί
1207 523 1265 604 τῆς
1280 527 1308 579 Δ.
1320 529 1349 578 c.
1361 525 1427 581 1351

138 616 147 630 ’
172 639 236 698 τῶν
271 630 438 716 λεγομίνων
468 627 638 709 ἀκοσμίας·
680 624 759 691 ἀλλδ
788 626 839 690 καί
862 621 966 691 ὁτῶν
989 627 1101 709 χειρῶν
1129 598 1428 720 sdrayosllgefffgl·

175 733 300 802 πλείονα
314 732 369 799 τάν
381 729 522 819 θόρυβον
545 729 669 795 ἐνεποίει
690 733 734 819 τῷ
755 729 920 816 συνεδρίῳ,
947 726 983 792 ού
1004 728 1181 812 παροδικῶς
1200 731 1293 852 usage

175 838 383 920 συνενεχθεὶς,
409 833 490 900 κατὰ
509 831 567 909 τάς
589 827 843 919 ἀπροσδοκήτους
860 826 1006 906 ἐπιούσας
1030 825 1191 896 όπάσττοτε
1211 855 1249 896 τυ

152 947 249 1025 ῦχας,
276 937 356 1006 ἀλλά
375 940 427 1004 καί
439 932 525 1020 μάλα
538 934 574 1022 γί
585 961 633 1002 τοι
649 935 838 1018 ἐξεπίτηδες·
862 935 914 999 ‘lvo
932 933 1030 1019 μηδὲν
1050 939 1113 1000 τῶν
1126 929 1267 1020 παρανό-

171 1067 239 1126 μως
253 1043 316 1108 ἐκεῖ
327 1039 606 1126 δογματιξομίνων,
633 1037 712 1104 κατὰ
735 1037 771 1104 τδ
788 1032 970 1124 πρόσφατόν
990 1061 1024 1102 τε
1040 1037 1092 1102 καί
1108 1035 1206 1122 ἀηθες
1227 1041 1267 1124 τῇ

171 1151 229 1212 τού
247 1150 326 1210 θεοῦ
348 1142 510 1234 ἐκκλησία,
541 1137 616 1226 ἡμῖν
638 1139 827 1226 ήκουσμίνον
848 1139 982 1226 γίνοιτο,
1008 1141 1089 1224 μηδὲ
1105 1137 1202 1228 μικρά
1221 1165 1269 1218 τις

173 1247 345 1331 ἀντιλογίας
371 1247 434 1312 ἐκεῖ
453 1243 531 1332 πρδς
556 1240 645 1329 ήμῶν
669 1245 841 1328 τολμηθείη
862 1238 953 1330 ῥοπή.
994 1240 1078 1325 ὅμως
1097 1245 1125 1310 εἷ
1150 1245 1202 1310 καί
1219 1243 1263 1330 μή
1270 1263 1295 1318 1>

174 1347 300 1416 πάντων
319 1351 351 1415 ἐν
365 1345 512 1437 ἀκηράτῳ
531 1344 694 1434 γεγόναμεν
713 1346 810 1434 ἀκοῇ,
838 1344 910 1411 ἀλλ’
934 1337 990 1411 osio
1010 1345 1178 1434 ἀπέχρησε,
1204 1355 1267 1414 τῶν

134 1461 207 1539 illyr
229 1448 376 1519 πλειόνων
398 1447 580 1534 ἀκηκοόσιν,
608 1446 651 1526 ὥς
671 1449 748 1536 ἔχειν
763 1446 888 1530 εἰκάζειν
904 1449 1046 1516 ἐντεῦθεν
1069 1454 1120 1516 καί
1140 1457 1202 1522 τῶν
1221 1451 1267 1538 μή

175 1561 287 1643 σοφῶς
307 1553 506 1639 η’κουσμίνων
524 1552 581 1638 τὴν
602 1550 705 1640 φύσιν.
748 1551 820 1620 odoi
838 1551 897 1640 γάρ
921 1551 993 1618 οὐδ’
1016 1554 1136 1622 ἐκείνων
1159 1557 1268 1632 τελέως

175 1655 328 1743 ἀνηκόους
344 1653 429 1742 ἡμᾶς
441 1657 584 1744 γενίσθοιι
600 1657 824 1740 ξυμπίπτωκεν.
858 1655 898 1722 τά
916 1654 977 1741 γάρ
996 1652 1198 1745 ύστερόφωνα
1213 1663 1270 1742 τῆς

175 1767 321 1846 συνεχοῦς
335 1757 472 1827 ἑκάστων
484 1761 604 1826 ἐκείνων
617 1759 729 1844 η’χοῦς,
755 1767 818 1826 τῶν
836 1758 922 1846 πίριξ
937 1764 995 1842 τῆς
1012 1766 1174 1846 βασιλικῆς
1194 1760 1269 1826 ἐκεί-

175 1889 232 1950 νης
256 1866 354 1942 οἰκίας
379 1864 558 1948 ἐκπηδῶντοι
589 1868 732 1950 σφαιρῶν
760 1863 812 1928 καί
837 1858 1045 1950 ἡμισφαιρίων
1052 1912 1063 1944 ,
1094 1865 1149 1929 καί
1178 1889 1270 1931 τινων

137 1974 171 2029 15
178 1969 270 2052 λχνολν
287 1971 402 2035 ἐκελθεν
418 1965 622 2034 ἀποσυλῶντα
641 1963 799 2052 μιμήσεις,
828 1962 1059 2052 φιλανθρώπως
1077 1969 1168 2034 alneis
1186 1965 1270 2052 ήμᾶς

176 2069 438 2148 interemissent
454 2069 574 2152 ἐξένιζε,
602 2069 638 2136 τδ
654 2065 843 2153 λυπούμενον
862 2073 919 2152 τῆς
933 2075 1037 2154 ψυχῆς
1050 2065 1139 2154 ήμῶν
1154 2067 1297 2140 ούτωολΕ

177 2172 393 2242 κολακεύοντα.
455 2170 524 2264 (1.)
556 2173 613 2251 Είς
634 2169 789 2258 τοσαύτην
808 2196 841 2258 γε
863 2171 926 2257 μὴν
948 2171 984 2238 τὸ
1008 2178 1135 2266 πράγμα
1160 2177 1269 2240 κακίαν

176 2273 273 2362 ἤλασε
293 2274 379 2358 τότε,
402 2278 454 2343 καλ
469 2273 625 2360 τοσαύτην
645 2267 735 2364 εὗρον
748 2273 806 2360 τὴν
824 2273 979 2362 εύκαιρίαν
998 2279 1195 2364 βλασφημίαι
1214 2303 1270 2362 με·

176 2381 254 2458 ταξδ
269 2389 325 2467 τῆς
340 2375 457 2447 ἀτόπου
476 2382 527 2446 καὶ
539 2379 688 2462 ἀμαθοῦς
700 2385 764 2446 τῶν
779 2375 951 2445 ἐπισκόπων
968 2379 1082 2464 ἐκείνης
1099 2377 1268 2468 φάλαγγος,

135 2480 221 2562 moin
234 2489 286 2552 καλ
300 2480 400 2574 ψήφῳ
417 2489 503 2571 κοινῇ
519 2481 670 2566 βασιλέως
684 2479 751 2565 ἀμα
766 2482 817 2548 καί
832 2477 1042 2568 πατριάρχου,
1065 2479 1120 2560 ξύν
1131 2509 1163 2570 γε
1177 2481 1271 2550 πάσιν

177 2587 299 2670 αύτοῒς,
326 2583 441 2654 δεδιόσι
461 2585 519 2671 τήν
533 2583 714 2670 ἀρχουτικήν
726 2583 874 2662 ἐξουσίαν’
888 2593 954 2661 τοΐς
972 2585 1141 2667 πλείστοις,
1169 2605 1300 2672 sopor-lt

177 2697 274 2774 θῆναι
298 2691 373 2773 μὲν,
400 2685 538 2772 θεότητα
557 2688 703 2774 λίγεσθοιί
719 2711 786 2763 πως
807 2687 858 2750 καλ
874 2683 932 2770 τήν
951 2684 1076 2752 ούσίαν·
1108 2689 1220 2774 κυρίως
1239 2689 1273 2755 δὲ

178 2790 317 2878 θεότητα
341 2789 486 2859 ίίτιτιστον
501 2792 552 2857 καλ
565 2786 690 2880 σφόδρα
709 2785 861 2878 διάφορον
879 2794 936 2876 τῆς
949 2789 1041 2867 θείας
1062 2787 1188 2872 οάσίας,
1216 2789 1273 2880 τήν

178 2989 350 3044 contenente.
385 2987 491 3059 Quippe
507 3005 559 3041 non
575 2986 655 3042 solum
670 2987 715 3042 illa
732 2985 866 3042 multorum
883 2984 1004 3041 dissonus
1019 2985 1130 3054 clamor,
1146 2987 1274 3060 prooelio·

179 3075 285 3128 sumque
301 3073 423 3123 murmur,
440 3066 468 3111 et
484 3057 630 3111 inconditae
640 3057 798 3128 loquentium
814 3063 902 3122 rodes,
919 3057 965 3110 sed
982 3063 1011 3110 et
1026 3059 1140 3128 crepitus
1156 3075 1274 3112 ιιιοιιυοοι

178 3125 1276 3268 ἀλλῗδῗλι’ἲθλλ“ἔιλλλί““θιλ’ιθῖλλλῗῗδθλλλῖίῖλζλῗῗλ
1316 3184 1318 3190 ’

178 3213 1275 3405 seraranan-ime,suessionensem

179 3421 249 3458 noea
265 3411 293 3458 et
307 3403 423 3459 inaudita
441 3403 645 3467 invehebantur,
663 3401 742 3456 ullum
758 3401 792 3456 ad
809 3419 886 3454 aures
903 3409 1004 3456 nostras
1022 3403 1178 3472 perveniret,
1196 3409 1275 3475 atque

178 3479 209 3528 ui
224 3491 258 3527 aa
273 3473 370 3528 ibidem
386 3474 428 3527 sel
442 3473 568 3528 minimum
581 3471 772 3526 contradicendi
782 3471 864 3525 λοαιιιιι
876 3470 999 3525 audacius
1012 3479 1181 3542 captaremus.
1204 3475 1275 3528 Cae-

178 3549 263 3598 terum
280 3544 330 3596 etsi
347 3559 399 3597 oon
416 3544 501 3597 omnia
515 3542 638 3596 distincte
655 3547 684 3596 et
699 3541 782 3608 clare,
801 3549 829 3594 at
845 3541 969 3611 pleraque
985 3559 1002 3594 a
1018 3541 1092 3594 nobis
1109 3551 1215 3596 eatenus
1228 3560 1276 3597 au·

178 3612 234 3665 dita
251 3621 327 3676 suut,
351 3619 382 3666 ut
402 3629 470 3684 quae
491 3629 541 3666 non
558 3611 655 3696 liquido
676 3611 850 3674 audissemus,
873 3627 961 3665 eorum
987 3609 1064 3663 etiam
1080 3629 1181 3665 sensum
1199 3613 1277 3666 feoile

179 3681 240 3734 inde
255 3681 466 3736 oonieotaremns.
500 3683 568 3737 Nam
585 3698 613 3733 ιιι
629 3679 675 3733 illa
692 3681 813 3734 oontioua
829 3679 987 3748 singulorum
999 3681 1188 3736 vociferatione
1198 3697 1276 3736 voees

179 3750 284 3804 ultimae
301 3751 471 3820 superstites,
495 3767 528 3804 ex
548 3749 738 3820 sirau-positis
757 3749 917 3819 imperatorii
934 3747 1004 3801 illiue
1020 3747 1141 3804 domicilii
1157 3752 1277 3824 sphaeris

135 3815 139 3822 “
181 3825 210 3872 et
226 3819 305 3872 bessis
324 3819 419 3873 baeriis
434 3820 606 3885 resultantes,
629 3825 657 3872 st
677 3819 834 3890 quorundam
857 3817 932 3888 quasi
953 3817 1125 3887 vestigiorum
1141 3819 1277 3890 imaginem

180 3885 252 3939 illino
268 3903 297 3939 re
309 3895 424 3953 οεεολοο,
447 3888 529 3942 amice
550 3894 581 3941 ut
596 3888 635 3941 ita
658 3887 740 3943 dicam
757 3903 804 3941 nos
821 3885 855 3941 ad
872 3903 901 3940 se
918 3885 1086 3942 admittebant
1103 3896 1130 3942 et
1146 3891 1219 3943 volut
1234 3891 1277 3943 in-

179 3956 368 4020 troducebant,
384 3973 416 4010 ee
433 3975 466 4012 ue
488 3957 590 4012 ratione
614 3957 801 4026 aegritudinem
817 3955 894 4010 animi
910 3956 993 4009 nostri
1009 3955 1103 4010 blande
1119 3959 1277 4012 solabantur.

180 4023 245 4092 (x.)
263 4024 315 4078 lies
333 4041 410 4095 porro
426 4043 485 4096 apsa
500 4027 527 4080 in
542 4029 642 4080 tantum
659 4027 744 4079 scelus
760 4043 806 4079 eru
826 4025 862 4088 io,
886 4024 924 4078 ita
948 4025 1017 4096 apud
1033 4025 1101 4078 illam
1118 4026 1233 4080 insanam
1249 4033 1278 4080 et

180 4092 270 4147 rudem
291 4092 440 4162 pontificum
466 4103 595 4150 ostensam
619 4099 777 4178 opportunus
794 4043 960 4164 blasphemiis
976 4093 1047 4146 loeus
1070 4093 1180 4163 obtigit,
1204 4099 1234 4147 ul
1249 4102 1278 4149 et
1365 4157 1369 4162 .

182 4162 322 4234 imperator
338 4169 365 4215 et
380 4165 546 4232 patriarcba,
564 4173 592 4218 et
607 4164 645 4217 lllr
662 4181 748 4218 omnes
760 4163 885 4234 episcopi,
902 4179 1036 4234 supremae
1050 4162 1213 4216 auctoritatis
1224 4179 1279 4216 me-

180 4239 210 4285 tu
230 4230 360 4299 plerique,
379 4233 501 4286 communi
519 4233 625 4287 decreto
643 4233 879 4302 pronunciaverint,
896 4233 978 4301 ipsam
993 4247 1094 4300 quoque
1110 4231 1279 4288 substantiam

181 4299 345 4354 divinitatem
362 4298 413 4353 diei
430 4301 608 4371 aliquatenus:
626 4309 655 4356 at
672 4301 777 4374 proprie
794 4301 954 4355 divinitatem
971 4299 1126 4360 increatam,
1143 4307 1171 4354 ot
1189 4303 1280 4356 asub-

182 4369 279 4426 staatia
295 4368 385 4426 doleo
400 4369 478 4444 louge
489 4371 635 4437 disseram,
652 4369 764 4444 [vocari]
781 4371 970 4444 operationem
988 4385 1056 4440 quae
1072 4369 1175 4442 quidem
1191 4387 1240 4444 per
1251 4389 1281 4428 se
