3120 4840
413 325 649 404 iusuonuuu
667 327 944 400 BYZAN'I'INAE
964 329 1082 400 XVIII.
1097 341 1129 408 7.
1231 319 1308 398 908

207 497 281 586 παρ’
298 495 373 584 ὅλην
386 495 497 584 μικρού
510 495 568 582 τὴν
580 496 737 584 ἱστορίαν,
765 493 825 564 ὅσοι
840 489 996 582 μὲνφύσει
1015 497 1115 562 τεκαὶ
1134 495 1308 584 προαιρέσει
1324 511 1390 563 λθ.
1404 509 1469 567 1851

208 609 329 690 προσῆν
355 599 528 686 ἐγκλήματα
551 606 596 690 τῷ
619 607 756 682 βασιλεῖ’,
789 605 859 686 σιγῇ
880 595 1070 685 κρύψαντες,
1107 600 1243 677 ίπαίνοις
1268 582 1468 708 τύιᾞοὲψ

209 712 313 770 πλεῖον
321 705 371 770 διά
381 707 486 792 φιλίαν
502 702 724 790 ίχαρισάμεθα,
743 706 793 768 καί
808 701 873 786 ἅμα
887 700 939 767 διὰ
955 699 990 767 τὸ
1006 699 1150 788 σύνεργον
1165 705 1215 768 καὶ
1229 693 1337 770 cot-c
1405 689 1412 704 ⁹

210 806 349 894 λάπτορα
371 815 433 874 τῶν
456 813 513 891 τῆς
534 807 688 888 εὐσεβείας
715 805 791 890 ἔχειν
817 803 943 891 άγιύνων
969 804 1082 887 αὐτὸν,
1115 805 1245 888 βασιλέα
1272 831 1305 872 τε
1318 784 1417 846 mm

188 910 289 978 δύντα
315 912 366 976 καλ
387 911 424 976 τύ
446 917 508 975 πᾶν
522 911 554 974 ἓν
568 915 607 996 τῇ
619 911 697 996 χειρὶ
715 916 771 994 τῆς
788 911 872 994 νίκης
885 905 1098 995 καρπούμενον
1112 909 1163 974 διὰ
1177 907 1234 994 τὴν
1248 907 1307 998 ἆρ-

208 1011 283 1098 χήν·
309 1020 365 1080 νύν
387 1013 421 1078 δ’
444 1011 696 1100 ἀνακαλοπτήρια
712 1013 798 1099 παρά
814 1018 917 1078 πᾶσαν
935 1014 1112 1099 προαίρεσιν
1130 1009 1234 1094 θύειν,
1264 1010 1337 1091 cion

208 1119 318 1196 εἰπεῖν,
355 1113 465 1200 ἥκιστα
486 1112 610 1180 πάντων
632 1115 787 1198 ὀκνούμεν.
832 1121 955 1200 πρῶτον
975 1117 1032 1198 μὲν
1052 1115 1110 1202 γὰρ
1140 1119 1227 1182 αῖύοἴ
1244 1124 1306 1184 τῶν

208 1216 365 1284 συνόντων
378 1225 416 1305 τῇ
432 1214 576 1304 ἀκροάσει
589 1221 639 1284 καί
653 1215 726 1303 η’μΐν
742 1217 970 1304 άγωνιζομίνοις
978 1267 988 1298 ,
1015 1214 1094 1304 ύπίρ
1111 1219 1183 1295 τούς
1198 1245 1309 1305 τετρα-

209 1323 334 1397 κοσίους
354 1347 415 1387 που
438 1319 562 1398 πάντως
589 1321 703 1403 ὄντων,
740 1320 862 1409 ἀνδρῶν
888 1321 1015 1407 εὐγενῶν
1037 1321 1150 1403 ἀναμίξ
1173 1325 1223 1388 καί
1245 1327 1320 1390 τῶν

165 1423 312 1500 1οάλλως
324 1422 465 1508 ἑχόντων,
485 1427 536 1490 καλ
552 1423 617 1507 ἅμα
631 1427 810 1508 βασιλίδων,
827 1427 877 1491 καὶ
893 1423 962 1492 ὅσαι
978 1421 1129 1511 συνῄεσαν
1145 1423 1236 1491 άλλαι
1251 1433 1308 1512 τῆς

208 1524 316 1616 φήμης
337 1525 594 1613 δημαγωγούοης,
621 1529 725 1612 γίνσνς
748 1532 799 1593 καλ
820 1528 911 1594 αὐτοὶ
926 1529 1006 1594 καθ’
1025 1529 1127 1616 ἕτερον
1148 1526 1239 1616 λύγον
1262 1529 1306 1596 τά

207 1638 317 1718 πρῶτα
332 1632 479 1716 φίρονσαι
486 1679 498 1712 ,
526 1636 627 1696 λαλεῖν
641 1631 700 1716 τὴν
715 1629 866 1716 ἀλήθειαν
883 1629 958 1696 εἶναι
974 1632 1074 1718 χρεαλν
1081 1681 1092 1713 ,
1119 1633 1165 1717 μὴ
1180 1657 1307 1719 προφα-

207 1741 268 1810 νῶς
293 1731 381 1814 αὐτοὶ
402 1730 523 1810 ἑαυτοῖς
547 1732 765 1818 καταγνώσεως
790 1733 827 1800 οὐ
851 1731 938 1816 μάλα
956 1757 1008 1828 got
1030 1737 1193 1820 ἐλαχίστης
1214 1737 1305 1801 αἴτιοι

207 1843 404 1918 καθιστῶμεν
429 1839 479 1902 καί
506 1837 547 1903 τά
567 1843 623 1921 τῆς
637 1839 756 1903 ἐκείνων
767 1833 879 1922 χλεύης
902 1833 1020 1914 ἱστάντες
1041 1835 1093 1924 ἐφ’
1109 1835 1239 1915 ἑαυτούς
1252 1835 1336 1903 ἓλ-Ιλ
1423 1851 1428 1858 ’

165 1937 482 2023 15κύσωμενελίιτισα.
509 1937 651 2026 δεύτερον
671 1941 705 2006 oi
724 1940 797 2005 κάπί
809 1941 867 2022 μὲν
886 1946 949 2005 τῶν
966 1939 1067 2005 άλλων
1089 1937 1234 2006 ἁπάντων
1240 1987 1251 2022 ,
1278 1943 1307 2006 εἰ

207 2046 294 2133 φιλίη
307 2067 354 2118 τις
364 2045 547 2130 χαρίζεσθαι
563 2043 683 2124 θέλων,
710 2041 803 2108 ἔπειτ’
820 2045 913 2110 ίνίοτε
936 2045 987 2108 καὶ
1006 2045 1128 2126 ὐνιοιχού
1147 2039 1305 2128 ψευδόμε-

207 2170 261 2221 νος
283 2147 441 2232 φαίνοιτο,
469 2147 641 2233 σογχωροίη
662 2144 703 2212 ἃν
722 2143 810 2229 οίμαί
829 2171 876 2223 τις
896 2145 987 2226 ἴσως,
1014 2143 1099 2223 ὅστις
1114 2141 1232 2228 ὁμοίαις
1248 2147 1305 2230 ἒμ-

208 2247 345 2313 πίπτωκε
363 2245 470 2333 τύχαις
490 2253 542 2314 καὶ
560 2251 694 2336 πείραις·
720 2241 758 2315 οὐ
783 2249 817 2315 δὲ
836 2248 912 2324 θεὸς
931 2247 967 2315 τά
987 2247 1252 2333 κινύονενύμενον,
1278 2251 1306 2315 ελ

207 2349 455 2437 ίγκαλύπτεσθαί
467 2377 514 2428 τις
529 2349 688 2419 ὅπάσποτε
703 2349 866 2440 βούλοιτο,
882 2350 1006 2418 πάντων
1023 2349 1108 2436 οίμαι
1123 2361 1193 2429 ταῖς
1204 2349 1304 2439 γλιύτ-

137 2548 141 2556 .
164 2467 276 2530 2οταις
300 2453 499 2540 ἦκονημίναις
519 2457 552 2534 ἐξ
572 2453 749 2540 αὐτομάτου
772 2456 850 2541 πρὸς
871 2455 927 2531 τάς
948 2454 1046 2522 αὐτοῦ
1074 2458 1230 2542 λοιδορίας
1250 2457 1332 2524 tv-n·

207 2555 382 2642 τυγχάνειν·
409 2560 461 2623 καί
484 2555 501 2626 ti
519 2555 622 2624 πάντα
643 2557 742 2624 τάλλα
762 2558 997 2638 ἔπιεικίστατος,
1026 2560 1053 2623 εἰ
1069 2559 1113 2643 μὴ
1139 2556 1233 2634 λάλος
1254 2560 1304 2623 ἶν-

207 2667 315 2727 ταύθα
335 2657 481 2744 βούλοιτο
502 2661 660 2746 γίγνεσθαι
686 2663 736 2725 καλ
758 2657 907 2746 γλιύτταις
922 2659 1007 2737 ὅλαις
1028 2659 1137 2748 τάνύρλ
1160 2665 1301 2752 νεμεσᾷν,

278 2792 321 2847 19.
336 2807 379 2853 τις
396 2805 444 2844 em.
458 2787 534 2842 Boia.
549 2803 598 2859 pro
613 2804 652 2843 τε.
701 2797 704 2804 ’

207 2895 271 2958 bra,
290 2910 321 2946 eo
337 2892 406 2976 quod
423 2891 450 2944 iu
465 2897 522 2944 tota
534 2892 592 2944 fere
605 2891 728 2958 historia,
744 2906 910 2963 quoacunque
922 2907 969 2944 eeu
983 2895 1090 2946 naturae
1105 2907 1150 2944 eeu
1163 2889 1303 2946 voluntatis

207 2963 273 3017 vitio
287 2961 393 3014 crimina
404 2959 441 3013 ilii
454 2959 603 3031 imperatori
617 2961 732 3027 inerant,
750 2961 851 3015 silentio
867 2961 1049 3032 presserimus,
1067 2979 1098 3014 sc
1111 2963 1137 3014 in
1151 2978 1181 3013 eo
1195 2961 1304 3014 laudan-

208 3032 243 3085 do
255 3030 391 3100 plurimam
402 3045 505 3100 operam
517 3030 692 3098 posuerimus,
710 3047 766 3084 oum
778 3033 810 3084 ob
825 3030 975 3093 amicitiam,
994 3037 1047 3082 tum
1061 3038 1090 3083 ut
1105 3029 1188 3100 ipsum
1206 3031 1302 3084 socium

180 3119 185 3126 ·
209 3109 238 3153 et
255 3099 396 3152 adiutorem
413 3100 440 3151 in
458 3098 597 3152 subeundis
614 3115 661 3168 pro
674 3099 799 3170 religione
818 3099 999 3153 certaminibus
1020 3100 1168 3153 haberemus
1186 3099 1303 3170 (princi-

208 3185 267 3240 pem
279 3169 391 3238 quippe,
407 3167 434 3220 in
452 3167 525 3220 cuiue
540 3183 613 3220 mann
627 3177 731 3238 propter
749 3185 867 3222 summam
887 3174 1038 3237 potestatem
1058 3175 1208 3221 momentum
1228 3185 1303 3220 omne
1412 3183 1417 3190 ·

228 3237 320 3290 ositum
337 3243 406 3290 esset
416 3237 449 3290 sd
465 3237 599 3295 uictoriam
615 3237 824 3306 παρακρούσεως
842 3246 919 3306 atque
933 3235 1012 3290 iidem
1035 3254 1129 3291 nunno
1149 3244 1206 3290 erta
1216 3237 1303 3290 recin-

208 3254 286 3370 gere,
305 3313 346 3371 et,
363 3305 431 3376 quod
446 3311 551 3375 praeter
566 3307 718 3360 sententiam
733 3308 809 3378 piane
828 3306 938 3370 accidit,
956 3305 1080 3375 quaedam
1096 3255 1167 3360 sebit
1179 3305 1302 3374 anacsly-

207 3376 295 3448 pteria
309 3377 440 3429 celebrare
450 3375 550 3427 minime
561 3374 726 3444 refugiamus.
761 3376 862 3430 Etenim
896 3375 983 3428 timum
997 3375 1029 3428 ob
1048 3393 1107 3440 coa,
1126 3375 1172 3445 qui
1188 3375 1301 3429 auditum

208 3453 382 3498 convenerant
394 3452 421 3498 et
435 3443 591 3497 certantibus
606 3445 680 3497 uobis
695 3445 818 3508 aderunt,
839 3446 853 3514 (
898 3461 958 3498 uere
975 3452 1058 3497 nutem
1078 3446 1164 3528 piures
1177 3443 1303 3514 quadrin-

208 3515 309 3583 gentis,
328 3515 427 3567 nobiles
441 3513 584 3584 promiscue
599 3519 627 3565 et
645 3513 762 3568 diversae
777 3513 928 3566 conditionis
940 3513 1066 3578 hominen
1082 3523 1148 3572 item
1157 3513 1304 3584 imperatri-

209 3601 268 3645 ces,
287 3590 315 3636 et
326 3583 393 3636 aliae
405 3583 545 3646 foeminae,
562 3587 688 3652 quotquot
699 3585 767 3638 fama
785 3583 891 3637 allectae
907 3583 1097 3648 confluxerant,
1114 3599 1210 3654 genere
1228 3582 1303 3653 ipsae

209 3669 325 3721 quoque,
343 3669 488 3722 quanquam
500 3650 570 3705 nanu
584 3651 676 3704 iisdem
692 3653 790 3716 titulis,
808 3652 949 3722 principem
963 3651 1045 3704 iocum
1060 3653 1190 3719 tenentes)
1203 3667 1301 3717 earum,

210 3719 1302 3860 {uttmotssttttum‘tt‘ffittutti÷22⁰z0ttniitit”tuiPium

209 3855 237 3908 in
251 3856 333 3922 retia,
348 3859 375 3910 in
394 3859 494 3912 illorum
513 3858 591 3912 risum
609 3865 696 3912 nostra
710 3866 801 3929 sponte
814 3859 1009 3912 incurreremus.
1044 3828 1144 3913 botone
1155 3827 1183 3912 It
1195 3859 1221 3910 in
1243 3857 1302 3910 aliis

209 3925 324 3978 omnibns
338 3928 429 3992 rebus,
446 3927 469 3981 ei
482 3927 539 3998 quia
552 3927 632 3980 amori
646 3927 780 3997 indulgens
793 3928 931 3998 aliquando
946 3937 974 3980 et
987 3928 1066 3982 certis
1083 3929 1186 3982 casibus
1198 3926 1303 3980 mentiri

209 3991 344 4058 videatur,
360 4003 445 4048 tamen
459 3995 483 4050 ei
496 3995 617 4066 (opinor)
634 3996 710 4050 facile
724 3997 869 4066 ignoverit,
887 3996 1000 4067 quiaquia
1014 3997 1041 4050 in
1054 3997 1150 4050 similes
1168 4011 1244 4048 casus
1259 3995 1301 4048 in-

209 4061 304 4114 ciderit
328 4071 407 4133 atque
426 4064 605 4118 eiusdemmodi
628 4067 829 4135 experimentum
847 4065 946 4119 fecerit.
988 4069 1023 4118 nt
1041 4065 1084 4117 ubi
1103 4083 1159 4128 rea,
1182 4079 1249 4132 queo
1273 4063 1301 4114 iu

209 4129 326 4200 periculo
339 4141 471 4199 versatur,
490 4133 558 4188 Deus
572 4134 630 4204 ipae
641 4141 696 4198 est,
721 4135 775 4187 iilic
792 4137 817 4186 si
848 4134 887 4186 uia
908 4135 1088 4203 integumentis
1106 4133 1301 4202 quibuscunque

209 4197 249 4252 uti
262 4199 334 4263 velit,
351 4217 405 4254 eum
420 4205 597 4270 putoomninm
612 4203 712 4271 linguas
726 4203 759 4255 ad
772 4201 1077 4271 convitiandumparatas
1090 4209 1117 4254 et
1126 4205 1220 4268 suapte
1234 4217 1301 4267 qun-

209 4267 361 4322 sicxecrtas
375 4269 548 4335 offensurum
566 4280 644 4342 atque
654 4273 704 4324 etsi
719 4272 746 4324 in
760 4271 870 4325 coeteris
884 4273 999 4324 omnibus
1017 4271 1094 4324 rebus
1107 4269 1200 4338 aliquia
1212 4269 1300 4320 mode-

207 4337 351 4394 ratissimus
370 4340 421 4408 sit,
440 4347 524 4396 tamen
543 4341 593 4395 nni
605 4339 729 4396 adversus
741 4341 818 4396 istum
836 4340 957 4414 garrulus
974 4339 1035 4406 fiat,
1051 4339 1101 4394 niu
1119 4337 1182 4396 totis
1199 4336 1301 4410 lingum
