2994 4830
317 293 556 366 rusuonmu
578 247 963 366 uuzsuumun'xur.
980 307 1029 369 ιο.
1147 289 1221 364 σεο

118 449 174 544 ἡκε
189 458 270 542 μετδ
282 459 382 546 βραχδ
398 459 448 524 καί
464 457 480 526 ό
495 460 640 540 βασιλεός
654 461 687 526 lx
702 458 863 547 Βεβροίας,
881 467 944 528 τῶν
959 463 1022 528 ἐκεῖ
1032 457 1220 549 πραγμάτων
1237 474 1303 529 t.c.
1318 469 1386 530 1343

120 565 286 648 ε’πίτροπον
307 562 445 632 reinoldo
467 564 693 639 καταλελοιπώς
713 561 889 647 Μονουὴλ·
917 563 951 640 ὃς
970 565 1041 650 ἀρτι
1056 565 1136 632 καθ’
1152 545 1323 666 ἡλι-Ῑωξζέἅ·
1334 545 1386 668 §⁸⁸

122 666 191 730 κίαν
204 665 258 730 τόν
273 665 390 752 ἔφηβον
412 656 657 752 παραλλάττων,
683 669 733 732 καί
755 663 850 749 μήπω
867 670 946 750 μηδὲ
962 668 1015 734 τόν
1030 675 1152 755 πρῶτον
1166 668 1252 734 sis-G
1320 649 1327 664 .

93 853 97 863 .
121 765 227 850 δήσας
242 768 346 834 λὀυλον
363 769 394 832 ἓν
410 779 478 845 τοῖς
491 780 644 856 nupsistis,
672 769 876 855 πρεσβυτικὴν
893 771 926 836 ἓν
937 777 976 857 τῇ
992 779 1078 858 ψυχῇ
1094 770 1151 856 τὴν
1166 769 1224 838 σό-
1342 787 1351 818 s

97 887 203 942 5νεσιν
226 869 333 952 ἔβοσκε
359 873 408 936 καί
434 871 499 954 δόμα
525 878 568 960 τῷ
584 873 678 958 πατρὶ
695 871 772 958 πρός
787 881 855 948 ταῖς
869 869 1042 964 ὑπερορίοις
1064 877 1115 940 καί
1129 871 1223 940 ἡπαί-

121 980 214 1058 θροις
240 976 489 1060 στρατοπεδείαις
517 975 622 1062 μακρά
654 973 936 1059 συγκακοπαθὴσας
971 977 1050 1064 πρός
1076 977 1319 1064 λαμπρδνῑὸλι
1371 987 1375 997 ’

121 1083 177 1160 τῆς
190 1083 397 1162 στρατηγικῆς
411 1078 566 1162 ἐμπειρίας
578 1074 782 1162 γεγόμνασται
796 1076 943 1162 ἄσκησιν·
969 1083 1019 1146 καλ
1033 1079 1079 1146 δι’
1101 1079 1178 1146 αότό
1191 1081 1227 1166 γί

122 1204 169 1244 τοι
186 1181 275 1244 τουτί
291 1180 348 1264 τὴν
365 1187 422 1262 τὴς
445 1177 591 1263 τοιαύτης
606 1178 723 1255 πόλεως
738 1177 754 1246 ό
770 1181 915 1262 βασιλεδς
928 1185 979 1246 καί
998 1183 1101 1270 πατὴρ
1119 1185 1224 1248 ἀπεπε-

123 1279 240 1348 ατεόκει
256 1283 423 1368 ε’πιτροπὴν
429 1333 440 1364 ,
468 1281 488 1367 ἡ
504 1286 612 1368 κρηπίς
624 1287 674 1348 καὶ
688 1283 757 1369 ῥίζα
771 1285 847 1360 τίως
860 1283 945 1372 adst?
964 1292 1020 1368 τὴς
1034 1287 1067 1350 ἐκ
1081 1292 1145 1354 τῶν
1156 1297 1256 1370 χει-1)

85 1381 222 1468 Ιορόνων
245 1386 277 1460 ἓς
301 1385 357 1460 τάς
381 1389 521 1467 βελτίους
538 1383 634 1470 τόχας
654 1387 785 1470 κατέστη
808 1393 992 1471 μεταβολῆς.
1021 1385 1103 1456 οὕτω
1117 1392 1222 1456 τοίνυν

121 1487 225 1555 ἐλθών
237 1489 271 1552 lx
287 1487 438 1575 Βεῤῥοίας
454 1486 470 1554 δ
485 1489 644 1571 βασιλεδς,
675 1492 726 1556 καλ
740 1489 821 1575 ἀμφὶ
835 1490 909 1566 τοδς
924 1497 980 1574 τῆς
995 1494 1225 1577 Θεσσαλονίκης

121 1590 236 1678 ἀγροδς
268 1597 313 1679 τῷ
339 1596 395 1674 τῆς
415 1596 571 1678 Περσικῆς
602 1589 761 1674 δυνάμεως
780 1593 983 1677 ἐντετυχηκώς
1002 1591 1144 1678 ἡγεμόνι,
1172 1599 1251 1662 καὶ·

122 1689 344 1775 ἀσπασάμενος
364 1693 404 1757 τδ
420 1693 533 1777 εῑκότα,
558 1696 626 1782 περὶ
650 1701 713 1760 τῶν
736 1695 895 1780 πρακτίων
920 1695 1016 1784 ἀμφιυ
1041 1697 1121 1762 κατὰ
1141 1706 1225 1784 σφοῖς

120 1793 331 1876 ἐβουλεύοντο.
392 1797 459 1888 (Γ.)
487 1805 562 1874 Τοῖς
577 1822 609 1882 γε
634 1797 697 1881 μὴν
717 1799 988 1879 Θεσσαλονικεῦσι,
1016 1806 1123 1882 τειχῶν
1140 1800 1226 1876 δντδς

85 1915 113 1968 15
122 1904 348 1984 συγκλυσθεΐσι
363 1901 441 1986 μετὰ
460 1907 521 1968 τῶν
537 1902 687 1982 ποιμνίων
700 1903 750 1964 καὶ
764 1903 945 1982 βοοκολίιυν,
973 1887 1078 1978 αὐτοῖς
1093 1927 1125 1967 τε
1140 1903 1225 1968 ἐστε-

121 2012 285 2086 νοχωρεΐτσ
306 2006 347 2068 sd
369 2003 523 2088 ἐπιτήδεια
548 2006 599 2068 καλ
613 2013 678 2080 τοῖς
692 2000 813 2088 ἀλόγοις
831 2001 917 2084 ζώοις
936 2004 1022 2088 χιλὸς
1046 2004 1102 2072 ode
1116 1997 1172 2090 ἡν·
1200 2004 1252 2072 tn

121 2106 160 2188 δὴ
184 2107 237 2170 καὶ
257 2108 337 2174 καθ’
363 2105 480 2195 ἡμέραν
501 2107 582 2174 ἀλλα
594 2105 645 2172 ἐπ’
671 2105 776 2183 ἀλλοις
789 2106 933 2189 ἔπιπτον,
961 2110 1012 2172 καὶ
1027 2107 1063 2174 τό
1082 2110 1225 2176 ἐντεῦθεν

122 2210 259 2284 δυσῶδες
274 2221 373 2281 νοσεῖν
392 2207 594 2296 παρεσκεόαζε
608 2209 663 2276 τόν
683 2193 776 2294 ἀίρα·
802 2207 862 2298 ὑφ’
884 2202 926 2276 ὧν
940 2210 1126 2295 ἀχθομίνοις
1138 2213 1225 2278 σανί-

120 2318 206 2390 βαινε
236 2311 409 2394 στασιάζειν
432 2320 580 2400 λαμπρῶς
601 2321 666 2388 τοῖς
690 2315 837 2390 πολίταις.
873 2310 920 2390 οἶς
939 2315 996 2397 μίν
1023 2315 1084 2402 γὰρ
1105 2312 1225 2400 κτήσεις

83 2405 203 2496 υοὴσαν
226 2413 344 2500 ἀγρῶν,
382 2415 542 2502 ἄχθεσθαι
571 2416 658 2499 ἐνῆν,
695 2421 757 2482 τῶν
778 2415 881 2504 ἀγρῶν
898 2417 1092 2504 δηουμίνιον·
1126 2415 1172 2494 οἷς
1189 2417 1222 2483 δ’

122 2517 227 2602 ἀγίλαι
252 2521 419 2602 ποιμνίων,
454 2522 505 2586 καί
528 2513 614 2604 ζεόγη
636 2525 737 2599 βοῶν,
772 2522 823 2586 καὶ
847 2517 948 2588 όιτόσα
960 2527 1022 2588 τῶν
1035 2517 1226 2608 ἀχθοφόρων

123 2617 226 2702 ζεόων,
256 2620 407 2689 ἀνιᾶσθαι
430 2623 586 2705 σννίβαινε
609 2624 661 2688 καὶ
679 2621 800 2703 adroic,
828 2621 909 2688 αιἰτό
928 2650 960 2690 τε
976 2624 1143 2706 θεωμένοις
1156 2627 1248 2707 slusii-¹

122 2720 317 2810 φθειρόμενα
341 2727 393 2792 καὶ
429 2723 552 2812 ἀθρόας
587 2723 643 2800 τός
673 2724 726 2790 ἐπ’
754 2725 859 2801 αὐτοῖς
883 2727 1008 2802 ἐλπίδας
1028 2711 1228 2809 θνησκοόσας

123 2825 253 2900 adscire,
267 2823 314 2906 οἷς
327 2828 363 2894 δ’
380 2825 531 2914 ἡλικιῶτις
554 2819 593 2914 ἡν
612 2824 735 2912 ἡπενία
760 2831 811 2894 καί
832 2827 869 2894 τό
885 2835 1004 2917 κοῦφον
1026 2834 1084 2896 sori
1100 2831 1171 2910 βίον
1189 2829 1226 2896 sd

191 2995 233 3048 1o.
251 2995 403 3064 μεταβολῆς
419 2993 494 3046 Βοὶν.
511 3009 559 3063 pro
576 2987 722 3062 μεταβολή.

121 3131 158 3184 aia
173 3131 229 3183 dux
247 3129 421 3194 substitisset,
439 3128 511 3184 venit
523 3128 557 3182 ad
571 3145 627 3182 enm
638 3127 714 3196 paulo
728 3131 826 3196 postet
840 3128 980 3196 imperator
992 3127 1125 3182 Berrhoea
1136 3146 1226 3198 egres-

121 3217 173 3263 sos,
187 3201 309 3254 mandata
322 3199 436 3254 lllanueli
448 3199 502 3254 lilio
513 3215 598 3251 rerum
609 3197 835 3250 administratione.
858 3195 911 3260 Qui
925 3213 981 3250 cum
994 3203 1080 3250 aetate
1091 3197 1135 3250 rix
1146 3199 1226 3267 ephe·

122 3269 181 3322 burn
201 3269 353 3330 excederet,
370 3285 418 3320 nec
433 3267 492 3322 dum
506 3268 588 3322 malae
601 3267 685 3336 prima
697 3267 817 3334 lanugine
830 3265 968 3330 florerent,
985 3267 1089 3320 senilem
1102 3266 1130 3320 in
1143 3267 1227 3320 enimn

121 3338 208 3392 alebat
220 3337 392 3408 prudentiam,
407 3343 435 3390 et
447 3337 520 3390 simul
533 3353 589 3390 cum
603 3342 677 3405 patre
689 3335 846 3406 longinquae
859 3353 891 3390 nc
904 3335 1029 3388 subdialia
1042 3335 1149 3390 militiae
1161 3338 1228 3390 mala

119 3407 165 3460 diu
180 3424 321 3489 perpessus
335 3406 468 3475 praeclaro
489 3425 535 3462 usu
548 3405 581 3459 ad
593 3405 735 3475 imperandi
750 3403 911 3487 disciplinam
925 3405 1083 3458 exercitatus
1096 3413 1168 3470 erat,
1184 3413 1227 3460 at·

120 3493 171 3546 qua
183 3479 218 3528 ob
231 3477 260 3528 εδ
274 3476 354 3546 ipsunt
370 3475 394 3528 ei
408 3475 546 3545 imperator
557 3493 589 3529 ac
602 3483 677 3544 pater
690 3473 758 3526 illius
771 3476 842 3527 urbis
854 3474 968 3544 regimen
982 3473 1143 3539 crediderat,
1161 3491 1228 3544 quae

119 3545 129 3597 i
149 3545 172 3598 ri
193 3546 319 3598 hactenus
338 3543 526 3600 tundamentum
544 3561 576 3597 nc
592 3543 668 3598 radix
686 3545 773 3596 luerat
789 3544 908 3597 fortunas
926 3544 953 3596 in
972 3543 1063 3597 melius
1080 3545 1227 3598 mutandae.

137 3619 186 3666 'um
200 3613 290 3682 itaque
304 3613 364 3666 iude
378 3613 533 3666 excessisset
547 3614 696 3683 imperatur,
713 3621 741 3666 et
754 3613 823 3666 circa
834 3612 1036 3666 Thessalonicae
1049 3630 1151 3682 campos
1162 3615 1232 3668 Per-

119 3683 168 3736 sici
185 3683 317 3736 exercitus
330 3682 421 3736 ducem
435 3683 595 3746 offendisset,
613 3699 721 3751 eumque
735 3686 764 3733 ut
797 3699 826 3734 ar
840 3691 897 3736 erat
910 3682 1063 3746 salutasset,
1081 3684 1154 3736 ambo
1166 3681 1231 3751 quid

120 3753 191 3805 lacto
205 3769 272 3822 opus
289 3753 358 3806 toret
371 3752 437 3804 inter
451 3770 480 3804 se
493 3753 675 3806 deliberarunt.
713 3699 795 3819 (illl
808 3751 1054 3804 Thessalonicenses
1067 3759 1162 3814 antem
1173 3755 1231 3804 cuni

120 3821 247 3890 gregibus
266 3829 343 3890 atque
358 3822 480 3874 armentia
495 3821 564 3874 intra
576 3837 662 3872 muros
676 3820 804 3884 conclusi,
821 3827 848 3872 et
861 3819 912 3889 ipsi
926 3837 1010 3874 rerum
1029 3821 1231 3874 necessariorum

120 3889 231 3958 penuria
244 3888 405 3954 laborabant,
423 3899 450 3942 et
462 3889 553 3942 bestiis
568 3889 667 3953 decret,
682 3905 732 3957 quo
747 3889 886 3942 alerentur.
909 3889 997 3950 ,Quae
1012 3905 1068 3942 cuns
1081 3890 1232 3958 frequentes

121 3959 237 4026 qnotidie
253 3959 386 4022 caderent,
404 3967 432 4010 ot
448 3966 516 4012 teter
528 3957 589 4012 iude
604 3957 667 4012 odor
680 3962 764 4010 aerem
778 3957 946 4028 corrupisset,
960 3957 1020 4010 hinc
1032 3957 1127 4010 lactum
1140 3963 1189 4019 eet,
1201 3961 1231 4006 ut

122 4043 177 4080 cum
191 4028 219 4080 id
235 4028 307 4080 aises
321 4044 399 4096 aegre
411 4027 524 4092 terrent,
542 4035 634 4096 aperta
646 4027 741 4082 seditio
755 4027 874 4080 oriretur.
909 4025 1011 4090 Quibus
1025 4026 1091 4080 enim
1103 4023 1157 4078 ruri
1169 4041 1230 4093 pub.

121 4094 250 4150 sessiones
263 4105 352 4160 eram,
369 4095 401 4148 iis
415 4114 493 4167 agros
506 4097 605 4150 vastari
623 4113 703 4165 grave
718 4102 783 4149 erat.
817 4095 870 4150 Sed
885 4101 913 4148 et
926 4095 970 4164 qui
985 4095 1110 4164 pecudum
1126 4109 1231 4174 greges,

121 4171 148 4216 et
162 4165 237 4218 boum
251 4165 332 4235 iuga,
349 4169 378 4218 et
389 4165 501 4220 iumenta
518 4165 569 4218 alia
582 4164 713 4232 quaelibet
723 4165 868 4228 habebant,
886 4163 906 4216 ii
921 4181 1023 4233 quoque
1040 4163 1158 4216 molestia
1171 4160 1230 4213 alli-

121 4231 274 4300 ciebantur,
293 4251 349 4286 eum
365 4234 504 4288 stillarum
522 4251 606 4288 rerum
621 4234 707 4287 iacere
722 4235 854 4286 contusam
868 4239 998 4302 stragem,
1015 4237 1044 4284 et
1055 4247 1116 4282 suas
1131 4229 1164 4284 de
1178 4229 1230 4284 illis

121 4320 181 4374 spes
196 4303 272 4359 simul
286 4319 372 4358 omnes
384 4301 516 4359 intermori
532 4303 658 4358 viderent.
696 4301 796 4366 Quibus
809 4312 895 4358 nutem
909 4319 1003 4356 coaeva
1019 4305 1158 4372 paupertas
1172 4299 1229 4354 ino-
