3120 4840
239 315 343 400 τοιΙ
535 299 768 397 memnon
787 323 1028 395 onnoours

76 505 104 557 ιι
116 501 150 552 tt.
162 486 417 574 6859συνδετιιιδμ
433 491 496 556 τῶν
509 511 544 555 τε
556 493 668 576 χειρῶν
683 489 734 554 καί
747 483 885 575 γονάτων
899 485 1085 576 άναλυτικῆν
1104 485 1258 578 άρμονίαν
1280 517 1337 558 κα-

115 570 192 626 hd'4
238 595 390 673 θίζουσαν
416 589 565 680 ίφεδρον·
602 594 654 658 καί
683 598 783 657 ταῦτα
811 591 868 675 μὲν
888 590 938 658 ὅτε
962 597 1101 674 μάλλον,
1135 591 1219 680 είπερ
1248 593 1335 678 ποτ’,

238 699 330 783 ἐχρῆν
351 690 409 779 τήν
433 693 467 760 τ’
491 697 603 762 σίκείαν
623 699 665 772 είς
680 695 716 760 τό
732 691 940 779 ἀκμαιότατον
955 693 1031 778 ἔχειν
1044 693 1175 777 δύναμιν
1189 698 1240 760 καλ
1256 695 1335 778 άμοι,

239 801 323 874 εἷ’τις
339 790 376 882 ἦν
392 797 533 884 μηχανὴ,
561 799 620 865 κάκ
639 805 702 865 τῶν
720 797 837 878 ἔξωθεν
856 793 973 864 ὁπόθεν
987 794 1100 882 δήποτε
1116 803 1337 886 προσκτᾶσθαι

240 905 345 988 ζητεῖν.
374 901 486 988 οὐγὰρ
1336 909 1357 965 6

210 1011 234 1068 F
339 1005 498 1090 Κουρῆτές
522 1003 553 1068 τ’
581 1005 735 1092 ίπίκουροι
761 1007 812 1071 καί
837 1006 975 1072 Αἰτωλοί
999 998 1186 1090 μενεχάρμαι

237 1107 361 1197 γίρσντί
370 1134 424 1190 μοι
441 1113 625 1189 πολεμοῦσιν
638 1107 698 1193 ἤδη
715 1107 896 1197 πρόσφατον
912 1105 1063 1192 πόλεμον,
1092 1108 1142 1170 καί
1161 1105 1266 1191 μέχρις
1285 1103 1336 1170 rr‘r'-

235 1237 336 1298 ματος
354 1206 508 1298 ὅρωμίνσυ
524 1208 693 1292 σαλεάοντα
707 1213 742 1278 τὸ
760 1219 815 1278 τοῦ
833 1209 951 1298 δρόμου
971 1207 1150 1297 φιλότιμον·
1179 1207 1250 1273 ἀλλ’
1267 1207 1336 1274 ἐπί-

237 1312 332 1382 onst
356 1341 411 1398 μοι
438 1311 602 1398 δράκοντες
622 1317 654 1392 ἐξ
677 1314 832 1402 ἀφανοῦς,
861 1317 911 1379 καί
940 1313 1080 1399 κραταιολ
1107 1307 1258 1396 ἐζήτησαν
1278 1310 1336 1395 τὴν

123 1422 157 1476 P.
169 1421 223 1480 568
236 1415 343 1504 ψυχήν
355 1443 416 1501 μου
425 1467 435 1498 ,
462 1417 519 1494 τδς
536 1420 719 1505 φονευτρίας
735 1426 838 1506 χεῖρας
857 1419 889 1482 ἓν
904 1412 1079 1502 σκοτομήνη
1100 1413 1268 1496 βάλλοντες
1284 1415 1335 1478 καί
1344 1427 1379 1483 10

235 1521 411 1605 άναίμακτα
434 1521 574 1604 πσρίχειν
594 1517 776 1604 ἐπειγόμενοι
798 1517 980 1608 τραάματιι·
1008 1517 1092 1585 ’ὁκαὶ
1110 1521 1230 1601 μᾶλλον
1241 1522 1337 1599 χαλε·

236 1625 378 1708 πιοτέρας
392 1625 459 1708 ἐμοὶ
476 1629 615 1710 προξενεῖ
628 1625 684 1700 τάς
699 1622 821 1702 ὂδάνας.
858 1623 1033 1706 άναίμοικτα
1056 1621 1115 1706 γάρ
1135 1619 1236 1702 κάμοῦ
1259 1616 1333 1684 κατ’

236 1729 356 1794 ἐκείνων
377 1733 538 1804 τελοῦντος
560 1727 599 1792 τοὶ
621 1725 765 1814 τρόπαια,
790 1724 1038 1812 δυσδιάγνωστον
1053 1733 1119 1798 τοῖς
1138 1729 1201 1788 τῶν
1219 1719 1335 1799 ἔξωθεν

216 1826 382 1918 Ιδρώντων
404 1835 529 1906 πολλοῖς
549 1833 708 1915 συμβαίνει
723 1831 780 1915 τὴν
795 1833 893 1918 κρίσιν
911 1825 1127 1894 καθίστασθαι
1135 1875 1146 1904 ,
1176 1828 1226 1888 καλ
1249 1823 1336 1908 μάλα

236 1959 285 1999 τοι
304 1931 484 2015 εὐδιάβολον
497 1943 562 2009 τοῖς
577 1929 664 2018 ἡμῶν
678 1929 829 2009 διάκταις.
857 1943 923 2010 τοῖς
942 1929 1071 2016 μὲνγὰρ
1087 1927 1143 1993 οάκ
1157 1925 1270 1993 εἰδόσιν
1286 1932 1333 1993 σί·
1344 1941 1378 1997 15

236 2046 376 2118 κονομεΐν
397 2037 429 2100 ἓν
451 2037 546 2122 κρίσει
566 2035 639 2112 τοδς
662 2032 770 2121 λόγους
776 2085 786 2116 ,
814 2041 907 2119 λῆρος
924 2033 1006 2099 ἅπαν
1021 2029 1192 2112 νενόμισται
1207 2033 1338 2108 πίστεως

204 2139 288 2212 Βκαλ
307 2135 469 2222 δογμάτων
487 2135 674 2225 μυστήριον·
702 2133 748 2216 οἷς
764 2137 796 2204 δ’
820 2139 928 2203 είδίναι
943 2133 1099 2223 πρόσεστι,
1119 2135 1169 2198 καί
1186 2131 1336 2200 άλλάττε·

139 2274 140 2282 ι
237 2245 316 2306 σθαι
340 2239 385 2305 δι’
402 2236 536 2326 άνάγκην
550 2243 719 2323 συμβαίνει.
754 2237 938 2327 πειράσομαι
954 2239 994 2314 δ’Χ
1009 2233 1063 2306 οὖν
1078 2235 1162 2318 ὅμως
1178 2234 1252 2302 ὅσοι·
1267 2239 1336 2325 ληι-

236 2343 326 2423 κτδν,
354 2338 396 2418 ὥς
415 2341 548 2430 είρηται,
576 2344 633 2428 τὴν
654 2350 717 2410 τῶν
738 2343 894 2431 φιλοθίων
916 2344 1035 2408 ἐκείνων
1051 2340 1174 2426 ἀνδρῶν
1194 2341 1335 2427 ἐκπεραί-

236 2445 457 2530 νεινάίτησιν,
494 2443 643 2532 ἡγεμόνας
664 2453 721 2530 τῆς
744 2449 820 2531 ἐμῆς
840 2442 1093 2532 προστησάμενος
1114 2440 1251 2529 γλώττης
1274 2443 1378 2518 reinzo

208 2572 211 2581 '
236 2553 305 2637 περί
319 2549 395 2616 θεὸν
411 2551 552 2628 ἐλπίδας·
578 2546 654 2637 ὑπὲρ
671 2541 708 2616 οὗ
723 2553 773 2615 καί
789 2549 845 2634 τὴν
861 2548 1033 2634 ἀθλητικὴν
1046 2547 1173 2630 ταυτηνί
1188 2545 1333 2610 διαπλίο-

236 2679 293 2738 μεν
306 2649 483 2720 θάλασσαν.
536 2651 607 2743 (Δ.)
629 2653 717 2731 Ἀξιοῦ
735 2656 755 2718 δ
759 2653 770 2680 ’
787 2652 876 2738 ἔγωγε
884 2701 894 2734 ‚
922 2651 1041 2736 μηδίνα
1054 2655 1116 2716 τῶν
1134 2645 1333 2732 ίντυγχανάν·

235 2781 299 2823 των
313 2754 475 2844 πρόχειρον
491 2758 534 2835 είς
548 2756 605 2834 τάς
620 2755 700 2822 καθ’
716 2754 804 2842 ἡμῶν
813 2759 969 2844 λοιδορίας
980 2754 1056 2839 ἔχειν
1069 2753 1128 2838 τὴν
1140 2756 1290 2837 γλῶτταν,
1308 2753 1335 2816 εί

302 2903 331 2956 2.
347 2902 401 2956 νῦν
418 2901 484 2956 euni.
498 2901 571 2960 Boin.
586 2919 634 2972 pro
648 2898 683 2972 μί
700 2940 709 2960 .

237 3021 428 3086 commissurus,
446 3038 551 3092 querum
565 3039 615 3091 ops
627 3021 669 3074 vei
682 3039 769 3075 manns
784 3018 939 3086 tenduntur,
957 3017 999 3072 vel
1013 3035 1100 3088 genus
1110 3015 1267 3083 flectuntur,
1287 3016 1334 3071 ‹ie-

237 3089 302 3143 biies
323 3100 350 3144 et
365 3091 457 3144 infidas
472 3091 575 3155 reddit;
598 3091 676 3160 idque
695 3109 725 3144 eo
746 3097 874 3160 tempore,
900 3107 950 3160 quo
969 3105 1024 3152 me,
1042 3090 1065 3140 si
1082 3103 1207 3156 unquam,
1225 3085 1334 3140 maxime

236 3159 352 3230 oportuit
366 3169 393 3214 et
406 3161 520 3230 propriis
535 3159 633 3212 viribus
648 3159 757 3228 integris
771 3159 874 3228 vigere,
894 3171 921 3212 et
935 3175 1015 3210 novas
1029 3157 1106 3210 etium
1118 3155 1291 3221 extrinsecum,
1308 3155 1333 3210 si

236 3243 288 3300 qus
300 3238 356 3282 arte
368 3247 483 3298 possem,
500 3229 588 3282 consti
601 3229 662 3281 mihi
676 3229 842 3298 undecunque
856 3245 1013 3298 comparare.
1048 3227 1108 3281 Nec
1119 3221 1186 3278 euim

340 3297 460 3418 gufietum
473 3297 545 3351 socio
560 3314 646 3364 ιιτσια,
663 3297 861 3370 Aetolorumque
872 3299 992 3352 iuventus

365 3366 464 3418 eutrix

237 3433 295 3488 seni
313 3433 374 3486 mihi
392 3405 483 3487 belluni
503 3433 663 3504 repentinum
682 3433 814 3500 indicunt,
832 3453 863 3488 eo
881 3453 963 3506 usque
981 3433 1116 3490 ambitioso
1129 3435 1227 3506 impetu
1239 3451 1334 3506 proru-

237 3503 325 3574 pturi,
343 3502 425 3555 ‹ionec
445 3504 549 3573 sursguis
563 3503 658 3556 effusus
671 3513 812 3574 apparent:
830 3504 875 3558 sed
889 3504 1037 3558 invaserunt
1052 3521 1092 3556 me
1105 3505 1230 3559 dracones
1243 3523 1276 3558 ex
1288 3524 1334 3558 oo-

238 3572 324 3635 cuito,
341 3577 369 3624 et
386 3571 484 3625 robusti
503 3573 684 3642 quaesiverunt
702 3575 808 3626 unimam
829 3591 925 3638 [σεεμς
943 3573 1013 3640 iique
1027 3580 1103 3626 nocte
1118 3577 1228 3628 obscuro
1243 3591 1334 3628 manns

237 3641 301 3695 mihi
320 3639 451 3703 inficiunt,
476 3647 503 3694 et
522 3641 657 3695 incruenta
674 3641 782 3694 vulnero
799 3651 924 3695 conentur
939 3641 1073 3712 infligere3
1097 3641 1125 3696 id
1142 3643 1212 3714 quod
1233 3643 1334 3696 dolores
1419 3651 1422 3660 ⁴

237 3709 299 3764 mihi
319 3709 520 3763 vehementiores
537 3711 624 3764 affert.
665 3711 733 3764 Nom
749 3728 804 3764 cnm
820 3719 847 3765 st
863 3711 920 3780 ipse
941 3711 1089 3764 incruentus
1108 3713 1141 3765 de
1160 3713 1193 3765 iis
1211 3711 1332 3766 victorias

237 3783 375 3847 reportem,
393 3778 430 3831 itu
441 3778 479 3844 fit,
495 3785 525 3832 ut
540 3779 583 3850 qui
595 3780 660 3832 ioris
675 3789 800 3849 spectent,
818 3797 906 3834 eorum
919 3781 991 3833 multi
1004 3782 1048 3832 vix
1062 3781 1163 3850 possint
1175 3797 1264 3834 verum
1278 3781 1334 3833 dis-

237 3863 357 3911 cernere,
376 3855 454 3916 etque
468 3847 591 3901 eiusmodi
606 3850 757 3902 sententium
771 3851 856 3913 ferre,
874 3867 939 3919 quse
952 3867 1003 3902 nou
1021 3849 1055 3902 sit
1072 3850 1148 3902 valde
1161 3849 1272 3902 obnoxiu
1287 3866 1333 3902 cs-

236 3915 338 3970 lunmiir
358 3923 547 3987 persecutorum
573 3927 723 3970 nostrorum.
766 3917 893 3970 Nimirum
912 3919 991 3971 verbo
1018 3917 1113 3971 iudicio
1137 3919 1263 3972 moderari
1288 3917 1334 3990 qui

236 3987 363 4050 nesciunt,
377 3984 396 4037 ii
410 3985 557 4056 mysterium
571 4003 644 4040 omne
656 3987 729 4039 Fidei
741 3991 768 4040 et
779 4005 909 4040 suesorum
922 3987 1066 4056 dogmatum
1075 4004 1122 4058 pro
1132 3989 1208 4057 nugis
1222 3987 1333 4042 hsbeutt

237 4055 283 4124 qui
298 4065 381 4108 sutem
393 4055 492 4116 sciunt,
508 4055 527 4107 ii
541 4055 693 4109 necessitate
706 4056 789 4110 coacti
806 4057 957 4109 alienantur.
993 4055 1092 4109 Tamen
1130 4064 1233 4109 uantum
1250 4056 1278 4108 iu
1293 4073 1333 4108 me

237 4125 304 4190 erit,
322 4123 349 4176 id
367 4124 435 4195 quod
455 4123 506 4176 viri
525 4123 563 4176 ilii
578 4125 692 4194 religiosi
709 4125 855 4195 postulunt,
872 4073 1179 4194 consummamini)
1197 4125 1334 4196 perficere.

237 4193 305 4246 Meis
319 4211 381 4246 vero
394 4193 550 4246 sermonibus
559 4195 760 4264 auspicabontur
772 4212 831 4266 spes
844 4195 869 4248 in
884 4193 938 4246 Deo
955 4193 1182 4260 collocutus,cuius
1196 4211 1274 4248 ceusu
1285 4196 1334 4245 hoo

236 4261 320 4329 ipsum
337 4262 499 4316 certaminum
517 4279 613 4334 aequor
625 4263 785 4333 navigamus.
820 4263 895 4332 (lv.)
912 4263 980 4318 ΝοΙο
993 4271 1077 4316 nutem
1090 4265 1223 4334 quisquam
1237 4277 1333 4326 eorum,

237 4330 283 4399 qui
295 4331 323 4384 iu
343 4333 408 4386 hoec
426 4331 579 4400 inciderint,
595 4333 708 4404 linguam
720 4335 816 4390 hebent
834 4339 976 4406 promptam
990 4331 1024 4387 ed
1034 4332 1153 4388 iaciendo
1169 4333 1198 4388 iu
1210 4347 1258 4388 uos
1270 4346 1333 4403 pro·
