2966 4826
429 371 785 445 ANNOTATIONES
1082 367 1183 441 1383

52 547 130 637 φας,
159 531 211 598 καί
231 531 384 616 βασιλείαν
410 535 466 596 τοῦ
485 535 566 596 θεοῦ
584 535 673 596 τοῦτο
693 529 835 610 καλέσας,
865 528 1006 608 ἐδίδαξαν
1025 529 1115 640 3333.
1146 527 1185 598 οῦ

53 613 110 702 γάρ
132 617 253 699 ἐστιντί
272 619 407 724 βασιλεία
427 621 482 681 τοῦ
503 621 583 681 θεοῦ
603 611 696 723 δρῦλη
718 615 770 682 κοί
789 613 900 698 κτιστή.
915 613 1012 721 μόνη
1033 615 1095 726 γαλρ
1108 640 1186 700 αντη

53 702 163 779 ποντδς
184 707 296 786 μᾶλλον
316 699 511 810 ἀβασίλευτος
527 695 620 765 μαλ’
601 697 763 784 αήττιγτος,
796 702 850 766 καὶ
870 695 980 784 χρόνον
1001 699 1112 780 παντδς
1134 701 1187 766 καλ

54 790 173 863 αίῦνος
185 787 330 852 ἐπέκεινα.
353 784 449 864 οὕτως
471 779 529 851 οῦν
546 785 632 894 ἡμεῖς
653 787 706 852 ἕνα
726 809 801 850 κατα
821 783 872 850 τδν
893 783 1013 892 μέγον’
1005 781 1189 852 Αθαναίσιον

55 873 88 936 ἐν
109 877 164 980 ριῦ
183 867 308 954 θεότητι
325 873 451 982 σέβομεν
464 869 552 950 θεὸν,
575 865 613 936 οῦ
628 869 703 936 κατολ
718 869 789 978 333
794 865 902 936 οῦσίον
924 868 1024 954 μόνην
1039 871 1189 952 ῦκτιοτον,

55 953 129 1020 οἷλλδ
145 935 201 1022 καλ
221 955 296 1022 κατα
316 984 353 1022 τα
342 955 443 1036 περλ
462 954 519 1038 τήν
539 953 647 1021 οῦσίαν
652 951 865 1066 θεαροῦμενα
885 959 937 1021 καί
957 963 1048 1024 θεολο
1068 953 1191 1066 οῦμενο,

56 1040 113 1122 τήν
134 1039 282 1123 δύναμιν,
309 1041 367 1124 τὴν
386 1041 530 1123 θέλησιν,
558 1039 615 1123 τὴν
641 1037 833 1150 ῦγοθότητα,
862 1039 897 1105 τδ
919 1047 1001 1122 φῦς,
1022 1067 1079 1126 την
1101 1040 1191 1144 ξοην,

56 1125 157 1190 καλ
119 1151 157 1191 τα
169 1133 311 1191 τοιαῦτα
332 1126 384 1190 καί
401 1125 443 1203 οίς
455 1133 525 1210 μιῦς
537 1127 589 1190 καί
604 1133 659 1209 τῆς
674 1121 766 1210 αῦτῆς
782 1123 874 1208 οῦσης
887 1133 951 1190 τοῦν
957 1135 1055 1232 τριιῦν
1068 1123 1193 1232 προσεί-
1236 1167 1242 1176 ·

56 1237 126 1276 πον
138 1211 189 1275 καλ
203 1217 258 1292 τῆς
272 1209 377 1288 ον’σίας
388 1213 508 1291 κοίτης
524 1206 715 1292 ἐλλείμματος,
735 1213 788 1276 καί
803 1211 905 1286 3:333
922 1208 1022 1294 πῦσης
1037 1207 1195 1320 δυνάμεως

57 1321 110 1360 και
98 1298 272 1403 ἐνεργείας
291 1300 389 1374 θείας.
403 1297 420 1362 6
441 1296 473 1362 δέ
492 1293 663 1373 Ἀκίνδννος
677 1293 817 1402 οίθὲσμως
831 1297 874 1372 είς
888 1318 990 1362 κτιστα
982 1296 1093 1362 κολ”
1072 1319 1195 1362 ακτιστο

57 1379 110 1445 τὸν
132 1382 186 1446 ἕνα
206 1379 279 1445 θεδν
301 1385 465 1464 διχοτομεῖ,
494 1382 547 1445 καί
567 1384 610 1457 είς
632 1379 688 1448 δῦο
709 1379 857 1464 θεότητος
877 1379 1043 1464 ἐκφῦλονς,
1074 1381 1163 1448 κολ”
1144 1408 1196 1448 ον-

58 1489 118 1540 τος
138 1465 357 1574 ῦπερκειμέντγν
377 1491 409 1531 τε
429 1467 481 1531 καλ
500 1466 680 1550 ῦφειμένιγν,
703 1465 760 1548 τὴν
780 1469 854 1549 μίαν
874 1467 1048 1578 κατατέμνεο
1067 1467 1197 1574 θεότιμα

59 1555 116 1614 τοῦ
136 1549 248 1655 πατρδς
269 1553 321 1616 ιιαλ
342 1557 398 1616 τοῦ
418 1554 491 1616 νίοῦ
509 1553 568 1616 καί
581 1557 638 1616 τοῦ
659 1551 754 1662 ῦγίον
766 1550 952 1658 πνεύματος·
973 1551 1044 1662 333
1087 1547 1198 1619 ἐνοῦ-

61 1639 133 1700 σίαν
157 1643 212 1702 τοῦ
239 1643 318 1701 θεοῦ
344 1637 561 1718 ῦπερκειμένην
589 1636 697 1721 λέγων,
727 1635 769 1714 ῦς
798 1634 894 1719 μόνην
913 1632 984 1702 κατ’
1004 1633 1096 1704 αῦτον
1117 1635 1199 1702 3¹33-

63 1742 135 1788 στον
155 1717 301 1801 θεότρτο
329 1745 363 1787 το
354 1719 419 1785 δέ
440 1727 510 1799 φῦς
532 1723 645 1800 ίκεῖνο,
665 1721 834 1828 ῦφειμένιγν
856 1721 897 1828 οἷς
917 1721 1039 1806 333333
1060 1718 1199 1804 θεότητο.

63 1813 148 1870 ποιεῖ
167 1804 200 1869 δδ
221 1803 343 1916 κτιστιὶν
364 1807 508 1871 ίντεῦθεν
535 1807 587 1870 καλ
615 1803 672 1916 τὴν
700 1801 809 1871 οῦσίον
835 1811 892 1872 τοῦ
911 1813 998 1873 θεοῦ.
1041 1802 1078 1873 οῦ
1092 1803 1201 1914 3333

64 1892 213 1974 ἐλλαμφις
234 1887 352 1970 3333,
375 1889 513 1956 ῦκτιοτον
534 1887 608 1956 αῦτῦ
631 1887 688 1956 οῦκ
710 1893 779 1958 ἐστι.
811 1917 844 1956 το
838 1889 900 1956 δέ
923 1897 1044 1974 πλῆθος
1063 1897 1125 1956 τῦν
1147 1887 1202 1955 ῦλ·

64 1984 126 2041 λον
147 1983 293 2059 πονηρῦν
313 1976 470 2084 αἱρέσεων,
495 1971 543 2052 οίς
563 1978 708 2042 ἐντεῦθεν
728 1979 907 2060 περιπίπτει,
931 1976 1023 2060 ἦτοῦ
1036 1982 1095 2041 νῦν
1109 2001 1202 2084 γραμ·

65 2085 159 2145 ματος
188 2063 332 2141 συντομία
362 2057 401 2126 ον’
427 2069 531 2170 χωρεῖ.
566 2057 708 2170 καθαπερ
733 2061 803 2126 δέ’
787 2087 803 2127 o
824 2063 906 2144 Σοβέ
907 2067 1003 2141 λλιος,
1034 2063 1067 2126 ἐν
1092 2067 1133 2148 τῷ
1159 2057 1202 2144 μὴ

66 2145 223 2248 διαφέρειν
244 2147 339 2254 λέγειν
359 2153 415 2210 τοῦ
436 2143 549 2254 πατρός
568 2145 622 2211 τδν
642 2145 730 2224 νίδν,
765 2173 807 2228 μη
797 2143 962 2230 Ηέχειν
926 2145 994 2212 νιδν
1016 2144 1071 2211 νῦν
1092 2125 1205 2254 πατέρα

66 2225 271 2312 έδογμῦτιζεν,
302 2229 398 2308 οῦτας
418 2230 438 2297 δ
456 2227 694 2312 Ἅκθιδονος,”
678 2256 749 2297 οταν
770 2231 839 2318 λέγῃ
858 2231 952 2314 μηδέν
974 2231 1127 2314 διαφέρειν
1147 2229 1206 2338 τερα

66 2320 159 2382 θείαν
180 2317 299 2398 ίκείνην
320 2316 469 2400 ίλλομψιν
489 2317 542 2380 καί
567 2317 718 2424 ἐνέργειαν
725 2341 799 2422 ,της
824 2315 929 2394 οῦσίας
950 2321 1006 2382 τοῦ
1025 2322 1120 2390 θεοῦ,
1149 2339 1207 2381 ονιι

68 2404 146 2484 ἐχειν
167 2403 263 2481 φησίν
280 2401 442 2510 ἐνέργειαν
467 2399 525 2482 τὴν
548 2397 657 2466 ον’σίαν
684 2405 740 2464 τοῦ
760 2407 847 2464 θεοῦ.
891 2403 909 2466 δ
932 2399 965 2466 δέ
984 2407 1074 2510 τοῦτρ
1100 2362 1206 2508 λέγων,

69 2485 142 2598 μεταλ
164 2491 219 2550 τοῦ
240 2483 451 2560 Μεσσαλιανδς
472 2483 565 2562 εἶναι,
586 2479 681 2548 καλ’
657 2509 779 2592 ανατρει
768 2483 953 2560 Πτελέοις
921 2509 974 2548 τον
994 2483 1082 2562 θεον,
1103 2483 1208 2548 ἐοντδν

71 2571 170 2637 ῦθεον
197 2565 371 2652 ῦποίρχοντο
399 2566 530 2644 δεικνῦς.
573 2593 606 2633 το
630 2593 687 2652 γαρ
709 2593 760 2676 μη
773 2569 841 2648 ἐχον
869 2568 1035 2650 ἐνέργειαν,
1066 2563 1210 2650 οῦδαμοῖς

70 2660 134 2723 ἐστι
153 2679 229 2718 κατα
248 2653 320 2730 τοῦς
340 2649 518 2737 θεολόγονς.
548 2651 598 2716 διεδ
618 2658 707 2718 τοῦτο
728 2647 761 2716 τδ
780 2659 869 2716 θεῖον
891 2653 987 2717 ἐκεῖνο
1008 2653 1060 2716 καλ
1079 2673 1210 2734 προσκν-

70 2739 165 2822 νητδν
186 2735 278 2820 στῦμα
297 2765 351 2803 τον
341 2739 622 2822 τριομακορίστον
642 2739 695 2802 καί
717 2735 805 2820 ῦγίον
826 2763 885 2820 μου
906 2731 1058 2848 αῦθέντρν
1085 2737 1137 2801 καί
1159 2740 1211 2819 βα·

72 2825 195 2903 σιλέιος,
225 2821 276 2888 διαί
298 2849 351 2889 τον
339 2825 536 2888 ’σννοδιιιοῦ
556 2844 634 2904 φησι
653 2817 759 2932 τδμρν·
789 2823 831 2898 είς
852 2825 880 2887 εί
899 2823 951 2886 καί
972 2821 1062 2926 προς
1068 2829 1212 2887 τοσοῦτον

71 2910 158 2991 νψος
177 2911 309 2990 θεαρίας
329 2904 497 2992 ῦνέδραμον
518 2908 551 2974 ἐν
568 2913 611 2996 τῷ
633 2907 743 3016 Θαβαρ
766 2909 798 2972 οί
816 2913 872 2973 τοῦ
881 2910 999 3018 κρρίον
1020 2903 1139 2991 μῦστοι,
1161 2903 1212 2990 33-

74 3021 125 3104 ριν
146 2995 197 3058 καλ
214 2995 308 3072 δόξαν
323 2991 405 3059 εἶδον
418 2996 519 3070 θείαν,
542 2971 608 3057 ἄλλ’
622 2987 660 3058 οῦ
656 2989 728 3102 τρία
742 2990 838 3098 φῦσιν
850 2988 947 3074 αῦτιὶν
960 2991 1016 3076 τὴν
1026 2999 1214 3078 χορηγοῦσαν

73 3080 132 3188 τήν
148 3077 246 3162 χάριν.
269 3078 372 3143 καλ
334 3105 391 3164 γαρ
404 3081 490 3188 ἐσμεν
503 3039 665 3161 ἐκείνοιν,ρ
643 3075 705 3142 νπδ
717 3083 778 3142 τῶν
790 3079 887 3144 θείαν
899 3081 1009 3162 λογίαν
1020 3077 1214 3186 μεμνημένοι,

76 3163 253 3248 οίμέθεκτον,
269 3164 413 3246 ἄληπτον,
428 3160 568 3272 οίῦρατον,
581 3158 687 3227 ταδ’
647 3171 753 3239 αυτοῖς
764 3170 828 3239 ταῖς
840 3161 1055 3248 ῦπερκοσμίοις
1073 3159 1160 3227 καθ’
1141 3187 1216 3227 ανοι·

75 3249 157 3316 τείτοι
194 3247 347 3330 δυνάμεσι.
378 3255 438 3313 νῦν
465 3245 498 3314 δ’
523 3251 555 3313 οἱ
584 3244 865 3328 καταφρονήσαντες
890 3249 943 3314 καλ
970 3255 1047 3314 θεοῦ
1076 3248 1129 3313 καί
1154 3253 1217 3312 τοῖν
1303 3245 1310 3254 “

79 3339 115 3401 ἐκ
136 3341 215 3399 θεοῦ
237 3363 274 3421 ογ
248 3336 350 3414 ’,ίαν
373 3336 425 3399 και
445 3339 500 3398 τοῦ
521 3333 554 3398 ἐκ
574 3339 653 3397 θεοῦ
674 3333 818 3438 βασιλέως
838 3333 927 3414 τίμῦν
951 3333 1069 3398 ἐκείνου
1092 3334 1145 3398 κολ
1163 3340 1221 3415 τῆς

81 3423 245 3501 σννοδικῆς
258 3365 425 3498 ἐξετόσεοίς
450 3443 482 3483 τε
503 3413 596 3483 ταδ’
576 3439 775 3498 αποφασεας,
807 3419 859 3482 καί
880 3424 941 3482 τοῖν
962 3419 1012 3483 ίτιλ
1031 3415 1125 3526 ταῦτρ
1148 3443 1219 3500 φρι-

79 3503 274 3571 κοιδεστιίτον
294 3509 412 3585 δεσμῦν
432 3505 485 3568 καί
508 3499 776 3586 ῦναθεματισμῦν,
798 3501 879 3611 ἡμᾶς
895 3499 1011 3585 μέν”
972 3527 1068 3580 ουτος
1089 3481 1220 3613 εῦσεβῦς

81 3599 291 3673 φρονοῦντος,
312 3591 364 3655 καί
382 3587 454 3665 τοῦς
474 3589 549 3672 ἡμῖν
564 3584 861 3698 ῦμοφρονοῦντος’
840 3585 1106 3669 αποκηρῦττοασιν,
1125 3585 1221 3654 Ἀκίν-

81 3681 178 3742 δονον
199 3675 232 3740 δὲ
258 3677 310 3741 καλ
337 3673 410 3752 τοῦς
439 3669 503 3750 οἷος
533 3669 641 3751 αῦτδς,
670 3669 815 3738 τῦνοντίο
842 3675 996 3782 δυσσεβοῦς
1022 3679 1226 3760 φρονοῦντος,

83 3767 285 3872 σννηγοροῦσι
304 3761 357 3825 καλ
372 3762 549 3864 στηρίζονσι,
570 3759 659 3822 τταντλ
678 3755 786 3843 τρὸπφ,
807 3756 975 3834 κοινοτνοῦς
991 3759 1067 3842 ἔχειν
1086 3759 1138 3824 καλ
1154 3765 1227 3842 σολὴ

82 3845 274 3929 λειτουργοῦς
296 3841 521 3922 σπονδοζοντες.
563 3845 649 3904 Hanc
673 3845 827 3926 epistolum
856 3853 930 3928 puto
959 3845 1156 3925 primordium
1187 3865 1223 3904 αα

83 3931 217 4014 primum
235 3933 320 3992 velut
341 3933 566 3993 fundamentum
588 3931 681 3990 ίαίιιε
702 3931 793 3992 initae
808 3930 845 3990 ab
863 3931 996 4012 Augusta
1017 3951 1087 3994 cum
1103 3931 1224 3991 Ραίειιιε

85 4015 232 4078 adversus
249 4015 450 4096 patriarcham
468 4017 627 4079 societatis.
667 4035 784 4080 εοιτιιι.

170 4121 247 4199 Pag-
269 4123 348 4194 769,
373 4121 424 4185 18.
469 4115 613 4200 Παῦλον]
636 4117 685 4180 Ad
706 4119 827 4180 Galatas
847 4115 1040 4199 cap.1.v.8·
1070 4132 1183 4176 τοισιν.

172 4217 245 4304 1³⁰3·
267 4225 347 4298 770,
369 4225 401 4288 8.
445 4225 557 4299 Κατοῖς
577 4219 633 4306 μέν
653 4215 739 4304 α’φίει
757 4243 784 4286 κ.
803 4243 828 4284 τ.
842 4215 893 4303 λ]
921 4217 1009 4281 Hom.
1031 4215 1118 4278 Iliad.
1135 4215 1159 4278 1.
1176 4213 1227 4284 25.

88 4327 201 4370 εοιτια.
