<?xml version="1.0" encoding="UTF-8"?>
<!DOCTYPE html PUBLIC "-//W3C//DTD XHTML 1.0 Transitional//EN"
    "http://www.w3.org/TR/xhtml1/DTD/xhtml1-transitional.dtd">
<html xmlns="http://www.w3.org/1999/xhtml" xml:lang="en" lang="en">
 <head>
  <title>
</title>
<meta http-equiv="Content-Type" content="text/html;charset=utf-8" />
  <meta name='ocr-system' content='tesseract 3.04.00' />
  <meta name='ocr-capabilities' content='ocr_page ocr_carea ocr_par ocr_line ocrx_word'/>
</head>
<body>
  <div class='ocr_page' id='page_1' title='image "./corpusscriptoru21niebgoog_0109.png"; bbox 0 0 2994 4830; ppageno 0'>
   <div class='ocr_carea' id='block_1_1' title="bbox 274 303 1071 432">
    <p class='ocr_par' dir='ltr' id='par_1_1' title="bbox 274 303 1071 432">
     <span class='ocr_line' id='line_1_1' title="bbox 274 303 1071 432; baseline -0.003 -53"><span class='ocrx_word' id='word_1_1' title='bbox 274 303 349 381; x_wconf 79' lang='lat'><strong><em>668</em></strong></span> <span class='ocrx_word' id='word_1_2' title='bbox 572 307 810 380; x_wconf 79' lang='lat' dir='ltr'>NICEFHORI</span> <span class='ocrx_word' id='word_1_3' title='bbox 831 309 1071 432; x_wconf 68' lang='lat' dir='ltr'>nuuconnu</span> 
     </span>
    </p>
   </div>
   <div class='ocr_carea' id='block_1_2' title="bbox 112 470 1495 2829">
    <p class='ocr_par' dir='ltr' id='par_1_2' title="bbox 112 470 1495 2829">
     <span class='ocr_line' id='line_1_2' title="bbox 112 470 1376 564; baseline -0.01 -14"><span class='ocrx_word' id='word_1_4' title='bbox 112 501 140 550; x_wconf 83' lang='grc' dir='ltr'><strong><em>λ.</em></strong></span> <span class='ocrx_word' id='word_1_5' title='bbox 154 497 186 548; x_wconf 86' lang='lat' dir='ltr'><strong><em>n.</em></strong></span> <span class='ocrx_word' id='word_1_6' title='bbox 198 479 342 564; x_wconf 81' lang='grc' dir='ltr'><strong><em>6851Ἐμέ</em></strong></span> <span class='ocrx_word' id='word_1_7' title='bbox 367 480 387 544; x_wconf 91' lang='grc' dir='ltr'><strong><em>δ</em></strong></span> <span class='ocrx_word' id='word_1_8' title='bbox 393 477 404 504; x_wconf 84' lang='lat'>²</span> <span class='ocrx_word' id='word_1_9' title='bbox 427 477 519 544; x_wconf 81' lang='grc' dir='ltr'><strong><em>ἐκεῖνο</em></strong></span> <span class='ocrx_word' id='word_1_10' title='bbox 540 473 675 560; x_wconf 77' lang='grc' dir='ltr'><strong><em>μάλιστα</em></strong></span> <span class='ocrx_word' id='word_1_11' title='bbox 696 471 820 541; x_wconf 83' lang='grc' dir='ltr'><strong><em>πάντων</em></strong></span> <span class='ocrx_word' id='word_1_12' title='bbox 833 477 949 562; x_wconf 77' lang='grc' dir='ltr'><strong><em>ἐπαίρει</em></strong></span> <span class='ocrx_word' id='word_1_13' title='bbox 965 471 1135 558; x_wconf 74' lang='grc' dir='ltr'>θαυμάζειν</span> <span class='ocrx_word' id='word_1_14' title='bbox 1151 470 1282 550; x_wconf 84' lang='grc' dir='ltr'><strong><em>ἐκείνου,</em></strong></span> <span class='ocrx_word' id='word_1_15' title='bbox 1309 477 1376 548; x_wconf 84' lang='grc' dir='ltr'><strong><em>πῶς</em></strong></span> 
     </span>
     <span class='ocr_line' id='line_1_3' title="bbox 136 569 1372 691; baseline -0.002 -53"><span class='ocrx_word' id='word_1_16' title='bbox 136 569 367 691; x_wconf 51' lang='grc' dir='ltr'><strong><em>,Ῑ““ὲ;1,117ταῦτ’</em></strong></span> <span class='ocrx_word' id='word_1_17' title='bbox 394 582 542 666; x_wconf 73' lang='grc' dir='ltr'><strong><em>ἐπείγεται</em></strong></span> <span class='ocrx_word' id='word_1_18' title='bbox 564 583 659 670; x_wconf 76' lang='grc' dir='ltr'><strong><em>δρᾷν,</em></strong></span> <span class='ocrx_word' id='word_1_19' title='bbox 696 575 741 656; x_wconf 74' lang='grc' dir='ltr'><strong><em>οἷς</em></strong></span> <span class='ocrx_word' id='word_1_20' title='bbox 762 579 911 659; x_wconf 72' lang='grc' dir='ltr'><strong><em>ὀνειδίζων</em></strong></span> <span class='ocrx_word' id='word_1_21' title='bbox 934 575 1068 653; x_wconf 79' lang='grc' dir='ltr'><strong><em>ἐκτόπως</em></strong></span> <span class='ocrx_word' id='word_1_22' title='bbox 1091 580 1158 660; x_wconf 76' lang='grc' dir='ltr'><strong><em>ἐμοὶ</em></strong></span> <span class='ocrx_word' id='word_1_23' title='bbox 1180 577 1372 655; x_wconf 73' lang='grc' dir='ltr'><strong><em>λοιδορεῖται,</em></strong></span> 
     </span>
     <span class='ocr_line' id='line_1_4' title="bbox 200 673 1373 770; baseline -0.009 -17"><span class='ocrx_word' id='word_1_24' title='bbox 200 673 208 690; x_wconf 63' lang='lat'><em>⁰</em></span> <span class='ocrx_word' id='word_1_25' title='bbox 243 723 248 760; x_wconf 85' lang='grc'>;</span> <span class='ocrx_word' id='word_1_26' title='bbox 273 686 330 770; x_wconf 76' lang='grc' dir='ltr'><strong><em>τὴν</em></strong></span> <span class='ocrx_word' id='word_1_27' title='bbox 341 680 537 770; x_wconf 76' lang='grc' dir='ltr'><strong><em>βαρβαρικήν</em></strong></span> <span class='ocrx_word' id='word_1_28' title='bbox 552 707 632 769; x_wconf 85' lang='grc' dir='ltr'><strong><em>φημι</em></strong></span> <span class='ocrx_word' id='word_1_29' title='bbox 646 683 696 748; x_wconf 86' lang='grc' dir='ltr'><strong><em>καλ</em></strong></span> <span class='ocrx_word' id='word_1_30' title='bbox 711 677 886 768; x_wconf 78' lang='grc' dir='ltr'><em>ἀλλόφυλον</em></span> <span class='ocrx_word' id='word_1_31' title='bbox 904 683 1096 765; x_wconf 66' lang='grc' dir='ltr'><strong><em>συμμαχίαν.</em></strong></span> <span class='ocrx_word' id='word_1_32' title='bbox 1119 683 1146 744; x_wconf 79' lang='grc' dir='ltr'><strong><em>ελ</em></strong></span> <span class='ocrx_word' id='word_1_33' title='bbox 1158 677 1216 762; x_wconf 81' lang='grc' dir='ltr'><strong><em>γιὶρ</em></strong></span> <span class='ocrx_word' id='word_1_34' title='bbox 1230 679 1262 741; x_wconf 86' lang='grc' dir='ltr'><strong><em>ἐν</em></strong></span> <span class='ocrx_word' id='word_1_35' title='bbox 1279 677 1373 742; x_wconf 80' lang='grc' dir='ltr'><strong><em>ἀλλο-</em></strong></span> 
     </span>
     <span class='ocr_line' id='line_1_5' title="bbox 273 777 1373 879; baseline -0.009 -25"><span class='ocrx_word' id='word_1_36' title='bbox 273 791 371 875; x_wconf 82' lang='grc' dir='ltr'><strong><em>τρίοις</em></strong></span> <span class='ocrx_word' id='word_1_37' title='bbox 395 789 582 869; x_wconf 84' lang='grc' dir='ltr'><strong><em>πταίσμασιν</em></strong></span> <span class='ocrx_word' id='word_1_38' title='bbox 610 788 692 852; x_wconf 83' lang='grc' dir='ltr'><strong><em>ἐδίαν</em></strong></span> <span class='ocrx_word' id='word_1_39' title='bbox 714 782 882 872; x_wconf 77' lang='grc' dir='ltr'><strong><em>ἀσφάλειαν</em></strong></span> <span class='ocrx_word' id='word_1_40' title='bbox 908 777 1062 869; x_wconf 83' lang='grc' dir='ltr'><strong><em>ἐγκώμίων</em></strong></span> <span class='ocrx_word' id='word_1_41' title='bbox 1091 781 1185 879; x_wconf 74' lang='grc' dir='ltr'><strong><em>αὐτὸς</em></strong></span> <span class='ocrx_word' id='word_1_42' title='bbox 1208 783 1373 863; x_wconf 83' lang='grc' dir='ltr'><strong><em>ἐπορίσιιτο</em></strong></span> 
     </span>
     <span class='ocr_line' id='line_1_6' title="bbox 274 883 1495 980; baseline -0.013 -22"><span class='ocrx_word' id='word_1_43' title='bbox 274 893 391 980; x_wconf 78' lang='grc' dir='ltr'><strong><em>καὶτῷ</em></strong></span> <span class='ocrx_word' id='word_1_44' title='bbox 415 888 479 955; x_wconf 73' lang='grc' dir='ltr'><strong><em>ἐόντι</em></strong></span> <span class='ocrx_word' id='word_1_45' title='bbox 504 885 544 954; x_wconf 86' lang='grc' dir='ltr'><strong><em>τώ</em></strong></span> <span class='ocrx_word' id='word_1_46' title='bbox 565 914 619 972; x_wconf 88' lang='grc' dir='ltr'><strong><em>μοι</em></strong></span> <span class='ocrx_word' id='word_1_47' title='bbox 640 889 835 974; x_wconf 77' lang='grc' dir='ltr'><strong><em>πεπραγμένα</em></strong></span> <span class='ocrx_word' id='word_1_48' title='bbox 858 891 1025 970; x_wconf 84' lang='grc' dir='ltr'><strong><em>μεμίσηκε,</em></strong></span> <span class='ocrx_word' id='word_1_49' title='bbox 1061 893 1170 950; x_wconf 87' lang='grc' dir='ltr'><strong><em>ποθεῖν</em></strong></span> <span class='ocrx_word' id='word_1_50' title='bbox 1196 883 1252 948; x_wconf 74' lang='grc' dir='ltr'><strong><em>οὐκ</em></strong></span> <span class='ocrx_word' id='word_1_51' title='bbox 1271 884 1397 968; x_wconf 74' lang='grc' dir='ltr'><strong><em>ἐχρῆν,5</em></strong></span> <span class='ocrx_word' id='word_1_52' title='bbox 1494 977 1495 980; x_wconf 7' lang='lat'>¹</span> 
     </span>
     <span class='ocr_line' id='line_1_7' title="bbox 276 986 1374 1078; baseline -0.009 -18"><span class='ocrx_word' id='word_1_53' title='bbox 276 993 348 1060; x_wconf 72' lang='grc' dir='ltr'><strong><em>οδδέ</em></strong></span> <span class='ocrx_word' id='word_1_54' title='bbox 361 998 533 1076; x_wconf 84' lang='grc' dir='ltr'><strong><em>μιμεῖσθαι.</em></strong></span> <span class='ocrx_word' id='word_1_55' title='bbox 562 991 598 1057; x_wconf 81' lang='grc' dir='ltr'><strong><em>τὸ</em></strong></span> <span class='ocrx_word' id='word_1_56' title='bbox 618 990 677 1077; x_wconf 69' lang='lat' dir='ltr'>peip</span> <span class='ocrx_word' id='word_1_57' title='bbox 697 995 860 1074; x_wconf 84' lang='grc' dir='ltr'><strong><em>μιμεῖσθαι</em></strong></span> <span class='ocrx_word' id='word_1_58' title='bbox 882 987 1047 1078; x_wconf 70' lang='grc' dir='ltr'><strong><em>φιλοῦντός</em></strong></span> <span class='ocrx_word' id='word_1_59' title='bbox 1061 990 1160 1066; x_wconf 90' lang='grc' dir='ltr'><strong><em>ἐστιν,</em></strong></span> <span class='ocrx_word' id='word_1_60' title='bbox 1189 986 1224 1051; x_wconf 85' lang='grc' dir='ltr'><strong><em>οὗ</em></strong></span> <span class='ocrx_word' id='word_1_61' title='bbox 1245 992 1374 1066; x_wconf 83' lang='grc' dir='ltr'><strong><em>μισοῦν-</em></strong></span> 
     </span>
     <span class='ocr_line' id='line_1_8' title="bbox 273 1088 1380 1178; baseline -0.009 -16"><span class='ocrx_word' id='word_1_62' title='bbox 273 1122 345 1177; x_wconf 87' lang='grc' dir='ltr'><strong><em>τος,</em></strong></span> <span class='ocrx_word' id='word_1_63' title='bbox 374 1097 425 1164; x_wconf 81' lang='grc' dir='ltr'><strong><em>καῖ</em></strong></span> <span class='ocrx_word' id='word_1_64' title='bbox 446 1091 663 1177; x_wconf 82' lang='grc' dir='ltr'><strong><em>θαυμάζοντος</em></strong></span> <span class='ocrx_word' id='word_1_65' title='bbox 682 1099 802 1176; x_wconf 81' lang='grc' dir='ltr'><strong><em>μᾶλλον</em></strong></span> <span class='ocrx_word' id='word_1_66' title='bbox 820 1092 840 1178; x_wconf 72' lang='grc' dir='ltr'><em>ἢ</em></span> <span class='ocrx_word' id='word_1_67' title='bbox 863 1093 1021 1178; x_wconf 76' lang='grc' dir='ltr'><strong><em>ψέγοντος.</em></strong></span> <span class='ocrx_word' id='word_1_68' title='bbox 1050 1091 1149 1167; x_wconf 73' lang='grc' dir='ltr'><strong><em>οὐδεὶς</em></strong></span> <span class='ocrx_word' id='word_1_69' title='bbox 1173 1089 1231 1175; x_wconf 79' lang='grc' dir='ltr'><strong><em>γὰρ</em></strong></span> <span class='ocrx_word' id='word_1_70' title='bbox 1253 1088 1273 1154; x_wconf 79' lang='grc' dir='ltr'><strong><em>δ</em></strong></span> <span class='ocrx_word' id='word_1_71' title='bbox 1293 1099 1380 1170; x_wconf 87' lang='grc' dir='ltr'><strong><em>μισεῖ</em></strong></span> 
     </span>
     <span class='ocr_line' id='line_1_9' title="bbox 245 1191 1374 1290; baseline -0.011 -22"><span class='ocrx_word' id='word_1_72' title='bbox 245 1203 355 1290; x_wconf 78' lang='grc' dir='ltr'><strong><em>Βδρᾷν</em></strong></span> <span class='ocrx_word' id='word_1_73' title='bbox 370 1201 403 1264; x_wconf 82' lang='grc' dir='ltr'><strong><em>ἐκ</em></strong></span> <span class='ocrx_word' id='word_1_74' title='bbox 415 1203 519 1281; x_wconf 77' lang='grc' dir='ltr'><strong><em>ψυχῆς</em></strong></span> <span class='ocrx_word' id='word_1_75' title='bbox 532 1199 695 1283; x_wconf 86' lang='grc' dir='ltr'><strong><em>ἐπείγεται,</em></strong></span> <span class='ocrx_word' id='word_1_76' title='bbox 724 1203 780 1262; x_wconf 81' lang='grc' dir='ltr'><strong><em>τοῦ</em></strong></span> <span class='ocrx_word' id='word_1_77' title='bbox 792 1198 974 1280; x_wconf 69' lang='grc' dir='ltr'><strong><em>βιαζομένου</em></strong></span> <span class='ocrx_word' id='word_1_78' title='bbox 990 1195 1106 1270; x_wconf 81' lang='grc' dir='ltr'><strong><em>παντὸς</em></strong></span> <span class='ocrx_word' id='word_1_79' title='bbox 1119 1196 1152 1259; x_wconf 86' lang='grc' dir='ltr'><strong><em>ἐκ</em></strong></span> <span class='ocrx_word' id='word_1_80' title='bbox 1167 1195 1271 1258; x_wconf 82' lang='grc' dir='ltr'><strong><em>ποδῶν</em></strong></span> <span class='ocrx_word' id='word_1_81' title='bbox 1285 1191 1374 1256; x_wconf 75' lang='grc' dir='ltr'><strong><em>ἱστα-</em></strong></span> 
     </span>
     <span class='ocr_line' id='line_1_10' title="bbox 214 1292 1495 1390; baseline -0.009 -22"><span class='ocrx_word' id='word_1_82' title='bbox 214 1294 216 1308; x_wconf 66' lang='grc'><strong>’</strong></span> <span class='ocrx_word' id='word_1_83' title='bbox 274 1304 378 1386; x_wconf 88' lang='grc' dir='ltr'><strong><em>μένου.</em></strong></span> <span class='ocrx_word' id='word_1_84' title='bbox 408 1303 434 1366; x_wconf 80' lang='grc' dir='ltr'><strong><em>εί</em></strong></span> <span class='ocrx_word' id='word_1_85' title='bbox 455 1302 488 1364; x_wconf 85' lang='grc' dir='ltr'><strong><em>δέ</em></strong></span> <span class='ocrx_word' id='word_1_86' title='bbox 507 1297 629 1387; x_wconf 86' lang='grc' dir='ltr'><strong><em>γλώττῃ</em></strong></span> <span class='ocrx_word' id='word_1_87' title='bbox 649 1301 705 1382; x_wconf 82' lang='grc' dir='ltr'><strong><em>μέν</em></strong></span> <span class='ocrx_word' id='word_1_88' title='bbox 725 1303 908 1386; x_wconf 77' lang='grc' dir='ltr'><strong><em>λοιδορεῖται</em></strong></span> <span class='ocrx_word' id='word_1_89' title='bbox 931 1297 1051 1375; x_wconf 76' lang='grc' dir='ltr'><strong><em>τούτοις</em></strong></span> <span class='ocrx_word' id='word_1_90' title='bbox 1069 1293 1116 1373; x_wconf 80' lang='grc' dir='ltr'><strong><em>οἷς</em></strong></span> <span class='ocrx_word' id='word_1_91' title='bbox 1131 1297 1184 1380; x_wconf 76' lang='grc' dir='ltr'><strong><em>ἐμὲ</em></strong></span> <span class='ocrx_word' id='word_1_92' title='bbox 1197 1292 1374 1380; x_wconf 76' lang='grc' dir='ltr'><strong><em>πράττοντα</em></strong></span> <span class='ocrx_word' id='word_1_93' title='bbox 1494 1379 1495 1390; x_wconf 18' lang='grc' dir='ltr'><strong><em>ρ</em></strong></span> 
     </span>
     <span class='ocr_line' id='line_1_11' title="bbox 273 1396 1495 1489; baseline -0.01 -18"><span class='ocrx_word' id='word_1_94' title='bbox 273 1406 398 1488; x_wconf 78' lang='grc' dir='ltr'><strong><em>βλέπει,</em></strong></span> <span class='ocrx_word' id='word_1_95' title='bbox 427 1402 525 1489; x_wconf 77' lang='grc' dir='ltr'><strong><em>ἐργοις</em></strong></span> <span class='ocrx_word' id='word_1_96' title='bbox 541 1403 574 1470; x_wconf 75' lang='grc' dir='ltr'><strong><em>δ’</em></strong></span> <span class='ocrx_word' id='word_1_97' title='bbox 601 1403 658 1488; x_wconf 75' lang='grc' dir='ltr'><strong><em>οὐχ</em></strong></span> <span class='ocrx_word' id='word_1_98' title='bbox 678 1401 760 1478; x_wconf 79' lang='grc' dir='ltr'><strong><em>ὅπως</em></strong></span> <span class='ocrx_word' id='word_1_99' title='bbox 776 1404 832 1468; x_wconf 77' lang='grc' dir='ltr'><strong><em>οὐκ</em></strong></span> <span class='ocrx_word' id='word_1_100' title='bbox 853 1399 1036 1468; x_wconf 80' lang='grc' dir='ltr'><strong><em>ἀποσπεόδει</em></strong></span> <span class='ocrx_word' id='word_1_101' title='bbox 1051 1401 1108 1484; x_wconf 74' lang='grc' dir='ltr'><strong><em>τὴν</em></strong></span> <span class='ocrx_word' id='word_1_102' title='bbox 1120 1402 1266 1482; x_wconf 77' lang='grc' dir='ltr'><strong><em>μίμησιν,</em></strong></span> <span class='ocrx_word' id='word_1_103' title='bbox 1294 1396 1373 1461; x_wconf 76' lang='grc' dir='ltr'><em>ἀλλὰ</em></span> <span class='ocrx_word' id='word_1_104' title='bbox 1383 1414 1420 1468; x_wconf 88' lang='lat'><strong><em>10</em></strong></span> <span class='ocrx_word' id='word_1_105' title='bbox 1494 1429 1495 1434; x_wconf 41' lang='lat'>¹</span> 
     </span>
     <span class='ocr_line' id='line_1_12' title="bbox 277 1495 1372 1599; baseline -0.007 -27"><span class='ocrx_word' id='word_1_106' title='bbox 277 1511 328 1572; x_wconf 78' lang='grc' dir='ltr'><strong><em>καί</em></strong></span> <span class='ocrx_word' id='word_1_107' title='bbox 345 1503 671 1593; x_wconf 84' lang='grc' dir='ltr'><strong><em>προσεπιδαηιιλεόεται</em></strong></span> <span class='ocrx_word' id='word_1_108' title='bbox 683 1554 691 1582; x_wconf 85' lang='grc'><strong><em>,</em></strong></span> <span class='ocrx_word' id='word_1_109' title='bbox 728 1509 822 1588; x_wconf 83' lang='grc' dir='ltr'><strong><em>δῆλον</em></strong></span> <span class='ocrx_word' id='word_1_110' title='bbox 849 1495 892 1582; x_wconf 66' lang='lat' dir='ltr'><strong><em>nic</em></strong></span> <span class='ocrx_word' id='word_1_111' title='bbox 913 1505 970 1588; x_wconf 78' lang='grc' dir='ltr'><strong><em>οὐχ</em></strong></span> <span class='ocrx_word' id='word_1_112' title='bbox 995 1503 1042 1599; x_wconf 72' lang='grc' dir='ltr'><strong><em>δτι</em></strong></span> <span class='ocrx_word' id='word_1_113' title='bbox 1060 1509 1160 1586; x_wconf 83' lang='grc' dir='ltr'><strong><em>μιρῶν</em></strong></span> <span class='ocrx_word' id='word_1_114' title='bbox 1180 1504 1372 1586; x_wconf 74' lang='grc' dir='ltr'><strong><em>λοιδορεῖται,</em></strong></span> 
     </span>
     <span class='ocr_line' id='line_1_13' title="bbox 278 1604 1374 1696; baseline -0.007 -20"><span class='ocrx_word' id='word_1_115' title='bbox 278 1610 350 1676; x_wconf 75' lang='grc' dir='ltr'><em>ἀλλ’</em></span> <span class='ocrx_word' id='word_1_116' title='bbox 375 1607 423 1676; x_wconf 78' lang='grc' dir='ltr'><strong><em>ὅτι</em></strong></span> <span class='ocrx_word' id='word_1_117' title='bbox 446 1610 491 1693; x_wconf 86' lang='grc' dir='ltr'><strong><em>μὴ</em></strong></span> <span class='ocrx_word' id='word_1_118' title='bbox 511 1616 633 1694; x_wconf 82' lang='grc' dir='ltr'><strong><em>πρῶτος</em></strong></span> <span class='ocrx_word' id='word_1_119' title='bbox 655 1608 750 1685; x_wconf 74' lang='grc' dir='ltr'><strong><em>αὐτὸς</em></strong></span> <span class='ocrx_word' id='word_1_120' title='bbox 772 1608 933 1696; x_wconf 81' lang='grc' dir='ltr'><strong><em>ἐπεπράχει</em></strong></span> <span class='ocrx_word' id='word_1_121' title='bbox 956 1609 1159 1693; x_wconf 83' lang='grc' dir='ltr'><strong><em>δυσχεραίνει·</em></strong></span> <span class='ocrx_word' id='word_1_122' title='bbox 1186 1604 1264 1670; x_wconf 82' lang='grc' dir='ltr'><strong><em>ὥστε</em></strong></span> <span class='ocrx_word' id='word_1_123' title='bbox 1287 1606 1374 1670; x_wconf 86' lang='grc' dir='ltr'><strong><em>δυοῖν</em></strong></span> 
     </span>
     <span class='ocr_line' id='line_1_14' title="bbox 275 1709 1374 1800; baseline -0.006 -21"><span class='ocrx_word' id='word_1_124' title='bbox 275 1709 425 1800; x_wconf 77' lang='grc' dir='ltr'><strong><em>ὁπότερον</em></strong></span> <span class='ocrx_word' id='word_1_125' title='bbox 447 1711 527 1778; x_wconf 76' lang='grc' dir='ltr'><strong><em>καθ’</em></strong></span> <span class='ocrx_word' id='word_1_126' title='bbox 555 1710 658 1799; x_wconf 77' lang='grc' dir='ltr'><strong><em>ἐτέρου</em></strong></span> <span class='ocrx_word' id='word_1_127' title='bbox 681 1715 876 1800; x_wconf 82' lang='grc' dir='ltr'><strong><em>ψηφισθείη,</em></strong></span> <span class='ocrx_word' id='word_1_128' title='bbox 912 1714 962 1776; x_wconf 77' lang='grc' dir='ltr'><strong><em>καὶ</em></strong></span> <span class='ocrx_word' id='word_1_129' title='bbox 986 1709 1112 1798; x_wconf 84' lang='grc' dir='ltr'><strong><em>θατέρῳ</em></strong></span> <span class='ocrx_word' id='word_1_130' title='bbox 1133 1715 1226 1774; x_wconf 75' lang='grc' dir='ltr'><strong><em>τοῦτο</em></strong></span> <span class='ocrx_word' id='word_1_131' title='bbox 1249 1709 1374 1782; x_wconf 87' lang='grc' dir='ltr'><strong><em>δικαιίος</em></strong></span> 
     </span>
     <span class='ocr_line' id='line_1_15' title="bbox 276 1807 1495 1907; baseline -0.007 -26"><span class='ocrx_word' id='word_1_132' title='bbox 276 1813 495 1901; x_wconf 73' lang='grc' dir='ltr'><strong><em>ἀκολουθήσῃ,</em></strong></span> <span class='ocrx_word' id='word_1_133' title='bbox 522 1819 572 1882; x_wconf 80' lang='grc' dir='ltr'><strong><em>καλ</em></strong></span> <span class='ocrx_word' id='word_1_134' title='bbox 591 1813 704 1900; x_wconf 85' lang='grc' dir='ltr'><strong><em>ὁμοίως</em></strong></span> <span class='ocrx_word' id='word_1_135' title='bbox 720 1814 941 1901; x_wconf 81' lang='grc' dir='ltr'><strong><em>ιλμφοτίροιςῆ</em></strong></span> <span class='ocrx_word' id='word_1_136' title='bbox 963 1814 1003 1879; x_wconf 77' lang='lat' dir='ltr'><strong><em>sd</em></strong></span> <span class='ocrx_word' id='word_1_137' title='bbox 1018 1821 1073 1899; x_wconf 77' lang='grc' dir='ltr'><strong><em>τῆς</em></strong></span> <span class='ocrx_word' id='word_1_138' title='bbox 1087 1808 1285 1895; x_wconf 78' lang='grc' dir='ltr'><strong><em>ἐπιτιμήσεως</em></strong></span> <span class='ocrx_word' id='word_1_139' title='bbox 1298 1807 1318 1892; x_wconf 77' lang='grc' dir='ltr'>ἢ</span> <span class='ocrx_word' id='word_1_140' title='bbox 1333 1809 1373 1873; x_wconf 84' lang='grc' dir='ltr'><strong><em>τὰ</em></strong></span> <span class='ocrx_word' id='word_1_141' title='bbox 1396 1899 1399 1907; x_wconf 16' lang='grc' dir='ltr'><strong>Α</strong></span> <span class='ocrx_word' id='word_1_142' title='bbox 1494 1865 1495 1890; x_wconf 26' lang='lat' dir='ltr'>p</span> 
     </span>
     <span class='ocr_line' id='line_1_16' title="bbox 247 1911 1495 2004; baseline -0.006 -22"><span class='ocrx_word' id='word_1_143' title='bbox 247 1925 335 2003; x_wconf 78' lang='grc' dir='ltr'><strong><em>Οτῆς</em></strong></span> <span class='ocrx_word' id='word_1_144' title='bbox 348 1917 527 2002; x_wconf 77' lang='grc' dir='ltr'><strong><em>συγγνώμης</em></strong></span> <span class='ocrx_word' id='word_1_145' title='bbox 541 1918 597 2004; x_wconf 81' lang='grc' dir='ltr'><strong><em>ἐφ’</em></strong></span> <span class='ocrx_word' id='word_1_146' title='bbox 617 1915 732 2000; x_wconf 79' lang='grc' dir='ltr'><strong><em>ὁμοίοις</em></strong></span> <span class='ocrx_word' id='word_1_147' title='bbox 747 1929 809 1994; x_wconf 89' lang='grc' dir='ltr'><strong><em>τοῖς</em></strong></span> <span class='ocrx_word' id='word_1_148' title='bbox 823 1916 998 2004; x_wconf 80' lang='grc' dir='ltr'><strong><em>πράγμασιν</em></strong></span> <span class='ocrx_word' id='word_1_149' title='bbox 1012 1915 1152 2000; x_wconf 76' lang='grc' dir='ltr'><strong><em>ἐίγεται.”</em></strong></span> <span class='ocrx_word' id='word_1_150' title='bbox 1180 1911 1251 1999; x_wconf 85' lang='grc' dir='ltr'><strong><em>(Β.)</em></strong></span> <span class='ocrx_word' id='word_1_151' title='bbox 1277 1911 1370 1976; x_wconf 80' lang='grc' dir='ltr'><strong><em>Ἐκεῖ·</em></strong></span> <span class='ocrx_word' id='word_1_152' title='bbox 1380 1931 1418 1986; x_wconf 84' lang='lat'><strong><em>15</em></strong></span> <span class='ocrx_word' id='word_1_153' title='bbox 1494 1923 1495 1980; x_wconf 68' lang='lat' dir='ltr'>l</span> 
     </span>
     <span class='ocr_line' id='line_1_17' title="bbox 274 2013 1495 2108; baseline -0.006 -22"><span class='ocrx_word' id='word_1_154' title='bbox 274 2047 329 2096; x_wconf 86' lang='grc' dir='ltr'><strong><em>νος</em></strong></span> <span class='ocrx_word' id='word_1_155' title='bbox 352 2023 408 2104; x_wconf 80' lang='grc' dir='ltr'><strong><em>μέν</em></strong></span> <span class='ocrx_word' id='word_1_156' title='bbox 429 2013 484 2084; x_wconf 74' lang='grc' dir='ltr'><strong><em>οὖν</em></strong></span> <span class='ocrx_word' id='word_1_157' title='bbox 509 2020 602 2086; x_wconf 76' lang='grc' dir='ltr'><strong><em>ταῦτ’</em></strong></span> <span class='ocrx_word' id='word_1_158' title='bbox 629 2020 726 2100; x_wconf 73' lang='grc' dir='ltr'><strong><em>ἔλεξε,</em></strong></span> <span class='ocrx_word' id='word_1_159' title='bbox 762 2019 885 2108; x_wconf 80' lang='grc' dir='ltr'><strong><em>σηόδρα</em></strong></span> <span class='ocrx_word' id='word_1_160' title='bbox 906 2028 961 2104; x_wconf 81' lang='grc' dir='ltr'><strong><em>τῆς</em></strong></span> <span class='ocrx_word' id='word_1_161' title='bbox 981 2017 1093 2084; x_wconf 69' lang='grc' dir='ltr'><strong><em>ἑαυτοῦ</em></strong></span> <span class='ocrx_word' id='word_1_162' title='bbox 1106 2013 1375 2098; x_wconf 79' lang='grc' dir='ltr'><strong><em>καταψευδόμενος</em></strong></span> <span class='ocrx_word' id='word_1_163' title='bbox 1494 2015 1495 2040; x_wconf 63' lang='lat'>¹</span> 
     </span>
     <span class='ocr_line' id='line_1_18' title="bbox 278 2115 1374 2210; baseline -0.006 -21"><span class='ocrx_word' id='word_1_164' title='bbox 278 2121 418 2210; x_wconf 78' lang='grc' dir='ltr'><strong><em>φύσεως,</em></strong></span> <span class='ocrx_word' id='word_1_165' title='bbox 454 2125 504 2187; x_wconf 79' lang='grc' dir='ltr'><strong><em>καί</em></strong></span> <span class='ocrx_word' id='word_1_166' title='bbox 527 2120 712 2207; x_wconf 75' lang='grc' dir='ltr'><strong><em>πιθανότητι</em></strong></span> <span class='ocrx_word' id='word_1_167' title='bbox 730 2121 867 2207; x_wconf 77' lang='grc' dir='ltr'><strong><em>γλώττης</em></strong></span> <span class='ocrx_word' id='word_1_168' title='bbox 884 2123 940 2207; x_wconf 74' lang='grc' dir='ltr'><strong><em>τὴν</em></strong></span> <span class='ocrx_word' id='word_1_169' title='bbox 959 2129 1021 2188; x_wconf 83' lang='grc' dir='ltr'><strong><em>τῶν</em></strong></span> <span class='ocrx_word' id='word_1_170' title='bbox 1042 2119 1230 2208; x_wconf 82' lang='grc' dir='ltr'><strong><em>πραγμάτων</em></strong></span> <span class='ocrx_word' id='word_1_171' title='bbox 1244 2115 1374 2184; x_wconf 76' lang='grc' dir='ltr'><strong><em>ὑποκλέ-</em></strong></span> 
     </span>
     <span class='ocr_line' id='line_1_19' title="bbox 278 2217 1375 2315; baseline -0.006 -23"><span class='ocrx_word' id='word_1_172' title='bbox 278 2252 363 2292; x_wconf 84' lang='grc' dir='ltr'><strong><em>πτιυιι</em></strong></span> <span class='ocrx_word' id='word_1_173' title='bbox 388 2221 547 2308; x_wconf 75' lang='grc' dir='ltr'><strong><em>ἀλήθειαν.</em></strong></span> <span class='ocrx_word' id='word_1_174' title='bbox 575 2225 650 2302; x_wconf 68' lang='lat' dir='ltr'>tuoe</span> <span class='ocrx_word' id='word_1_175' title='bbox 671 2226 730 2312; x_wconf 76' lang='grc' dir='ltr'><strong><em>γὰρ</em></strong></span> <span class='ocrx_word' id='word_1_176' title='bbox 751 2225 835 2315; x_wconf 77' lang='grc' dir='ltr'><strong><em>αὐτῷ</em></strong></span> <span class='ocrx_word' id='word_1_177' title='bbox 858 2227 990 2310; x_wconf 84' lang='grc' dir='ltr'><strong><em>διηνεκές</em></strong></span> <span class='ocrx_word' id='word_1_178' title='bbox 1012 2227 1117 2304; x_wconf 80' lang='grc' dir='ltr'><strong><em>τουτί,</em></strong></span> <span class='ocrx_word' id='word_1_179' title='bbox 1152 2226 1203 2288; x_wconf 82' lang='grc' dir='ltr'><strong><em>καὶ</em></strong></span> <span class='ocrx_word' id='word_1_180' title='bbox 1228 2217 1375 2296; x_wconf 81' lang='grc' dir='ltr'><strong><em>πολλάκις</em></strong></span> 
     </span>
     <span class='ocr_line' id='line_1_20' title="bbox 276 2323 1374 2423; baseline -0.004 -29"><span class='ocrx_word' id='word_1_181' title='bbox 276 2326 377 2418; x_wconf 81' lang='grc' dir='ltr'><strong><em>τούτῳ</em></strong></span> <span class='ocrx_word' id='word_1_182' title='bbox 398 2334 573 2415; x_wconf 79' lang='grc' dir='ltr'><strong><em>περιρανώς</em></strong></span> <span class='ocrx_word' id='word_1_183' title='bbox 587 2330 846 2423; x_wconf 67' lang='grc' dir='ltr'><strong><em>ἐιιεκαλλιοπίσατο</em></strong></span> <span class='ocrx_word' id='word_1_184' title='bbox 854 2379 864 2408; x_wconf 91' lang='grc'><strong><em>,</em></strong></span> <span class='ocrx_word' id='word_1_185' title='bbox 894 2330 980 2415; x_wconf 74' lang='grc' dir='ltr'><strong><em>λ’τερα</em></strong></span> <span class='ocrx_word' id='word_1_186' title='bbox 998 2330 1105 2414; x_wconf 79' lang='grc' dir='ltr'><strong><em>μέντῇ</em></strong></span> <span class='ocrx_word' id='word_1_187' title='bbox 1120 2323 1374 2412; x_wconf 74' lang='grc' dir='ltr'><strong><em>γλώιτῃπροφί-</em></strong></span> 
     </span>
     <span class='ocr_line' id='line_1_21' title="bbox 276 2429 1419 2522; baseline -0.003 -26"><span class='ocrx_word' id='word_1_188' title='bbox 276 2455 355 2518; x_wconf 89' lang='grc' dir='ltr'><strong><em>ρειν,</em></strong></span> <span class='ocrx_word' id='word_1_189' title='bbox 384 2432 473 2516; x_wconf 74' lang='grc' dir='ltr'><strong><em>λ’τερα</em></strong></span> <span class='ocrx_word' id='word_1_190' title='bbox 496 2431 529 2496; x_wconf 75' lang='grc' dir='ltr'><strong><em>δ’</em></strong></span> <span class='ocrx_word' id='word_1_191' title='bbox 553 2433 585 2496; x_wconf 84' lang='grc' dir='ltr'><strong><em>έν</em></strong></span> <span class='ocrx_word' id='word_1_192' title='bbox 607 2439 645 2518; x_wconf 78' lang='grc' dir='ltr'><strong><em>τῇ</em></strong></span> <span class='ocrx_word' id='word_1_193' title='bbox 672 2434 792 2522; x_wconf 66' lang='grc' dir='ltr'><strong><em>διανοίη</em></strong></span> <span class='ocrx_word' id='word_1_194' title='bbox 814 2429 995 2512; x_wconf 74' lang='grc' dir='ltr'><strong><em>καλύπτειν,</em></strong></span> <span class='ocrx_word' id='word_1_195' title='bbox 1032 2435 1083 2496; x_wconf 80' lang='grc' dir='ltr'><strong><em>καί</em></strong></span> <span class='ocrx_word' id='word_1_196' title='bbox 1108 2431 1284 2514; x_wconf 82' lang='grc' dir='ltr'><strong><em>μαχομένην</em></strong></span> <span class='ocrx_word' id='word_1_197' title='bbox 1309 2431 1419 2502; x_wconf 71' lang='lat' dir='ltr'>der-20</span> 
     </span>
     <span class='ocr_line' id='line_1_22' title="bbox 245 2525 1373 2621; baseline -0.007 -17"><span class='ocrx_word' id='word_1_198' title='bbox 245 2533 375 2604; x_wconf 78' lang='lat' dir='ltr'>vadrrv</span> <span class='ocrx_word' id='word_1_199' title='bbox 390 2538 428 2619; x_wconf 84' lang='grc' dir='ltr'><strong><em>τῇ</em></strong></span> <span class='ocrx_word' id='word_1_200' title='bbox 440 2531 560 2621; x_wconf 79' lang='grc' dir='ltr'><strong><em>γλώττῃ</em></strong></span> <span class='ocrx_word' id='word_1_201' title='bbox 573 2541 634 2600; x_wconf 78' lang='grc' dir='ltr'><strong><em>ταῖν</em></strong></span> <span class='ocrx_word' id='word_1_202' title='bbox 648 2539 801 2619; x_wconf 86' lang='grc' dir='ltr'><strong><em>λογισμῶν</em></strong></span> <span class='ocrx_word' id='word_1_203' title='bbox 817 2535 872 2618; x_wconf 79' lang='grc' dir='ltr'><strong><em>τὴν</em></strong></span> <span class='ocrx_word' id='word_1_204' title='bbox 884 2535 1021 2617; x_wconf 85' lang='grc' dir='ltr'><strong><em>μελέτην.</em></strong></span> <span class='ocrx_word' id='word_1_205' title='bbox 1048 2534 1147 2600; x_wconf 80' lang='grc' dir='ltr'><strong><em>πολλὰ</em></strong></span> <span class='ocrx_word' id='word_1_206' title='bbox 1159 2533 1215 2616; x_wconf 80' lang='grc' dir='ltr'><strong><em>μέν</em></strong></span> <span class='ocrx_word' id='word_1_207' title='bbox 1228 2525 1283 2598; x_wconf 82' lang='grc' dir='ltr'><strong><em>οὖν</em></strong></span> <span class='ocrx_word' id='word_1_208' title='bbox 1295 2529 1373 2596; x_wconf 77' lang='grc' dir='ltr'><strong><em>κόν-</em></strong></span> 
     </span>
     <span class='ocr_line' id='line_1_23' title="bbox 274 2633 1373 2725; baseline -0.002 -23"><span class='ocrx_word' id='word_1_209' title='bbox 274 2645 380 2703; x_wconf 84' lang='grc' dir='ltr'><strong><em>τυῦθα</em></strong></span> <span class='ocrx_word' id='word_1_210' title='bbox 402 2645 440 2725; x_wconf 83' lang='grc' dir='ltr'><strong><em>τῇ</em></strong></span> <span class='ocrx_word' id='word_1_211' title='bbox 465 2634 585 2724; x_wconf 88' lang='grc' dir='ltr'><strong><em>γλώττῃ</em></strong></span> <span class='ocrx_word' id='word_1_212' title='bbox 616 2635 850 2723; x_wconf 89' lang='grc' dir='ltr'><strong><em>θρασυνόμενος</em></strong></span> <span class='ocrx_word' id='word_1_213' title='bbox 874 2649 939 2714; x_wconf 90' lang='grc' dir='ltr'><strong><em>τοῖς</em></strong></span> <span class='ocrx_word' id='word_1_214' title='bbox 969 2636 1066 2722; x_wconf 76' lang='grc' dir='ltr'><strong><em>ίργοις</em></strong></span> <span class='ocrx_word' id='word_1_215' title='bbox 1093 2636 1242 2722; x_wconf 67' lang='grc' dir='ltr'><strong><em>ἠλέγχετο.</em></strong></span> <span class='ocrx_word' id='word_1_216' title='bbox 1278 2633 1373 2710; x_wconf 74' lang='grc' dir='ltr'><strong><em>αὐτὸς</em></strong></span> 
     </span>
     <span class='ocr_line' id='line_1_24' title="bbox 274 2735 1371 2829; baseline -0.004 -23"><span class='ocrx_word' id='word_1_217' title='bbox 274 2743 330 2823; x_wconf 84' lang='grc' dir='ltr'><strong><em>μέν</em></strong></span> <span class='ocrx_word' id='word_1_218' title='bbox 350 2739 409 2829; x_wconf 82' lang='grc' dir='ltr'><strong><em>γὰρ</em></strong></span> <span class='ocrx_word' id='word_1_219' title='bbox 434 2740 486 2806; x_wconf 78' lang='grc' dir='ltr'><strong><em>διὰ</em></strong></span> <span class='ocrx_word' id='word_1_220' title='bbox 506 2741 575 2818; x_wconf 85' lang='grc' dir='ltr'><strong><em>δέος</em></strong></span> <span class='ocrx_word' id='word_1_221' title='bbox 593 2743 625 2806; x_wconf 86' lang='grc' dir='ltr'><strong><em>ἐν</em></strong></span> <span class='ocrx_word' id='word_1_222' title='bbox 648 2743 857 2828; x_wconf 86' lang='grc' dir='ltr'><strong><em>Θεσσαλονίκῃ</em></strong></span> <span class='ocrx_word' id='word_1_223' title='bbox 877 2741 1052 2828; x_wconf 83' lang='grc' dir='ltr'><strong><em>παρέμεινε·</em></strong></span> <span class='ocrx_word' id='word_1_224' title='bbox 1082 2739 1138 2826; x_wconf 77' lang='grc' dir='ltr'><strong><em>τὴν</em></strong></span> <span class='ocrx_word' id='word_1_225' title='bbox 1162 2735 1198 2804; x_wconf 77' lang='grc' dir='ltr'><strong><em>δέ</em></strong></span> <span class='ocrx_word' id='word_1_226' title='bbox 1221 2737 1371 2826; x_wconf 80' lang='grc' dir='ltr'><strong><em>στρατιὰν</em></strong></span> 
     </span>
    </p>
   </div>
   <div class='ocr_carea' id='block_1_3' title="bbox 343 2913 1347 2994">
    <p class='ocr_par' dir='ltr' id='par_1_3' title="bbox 343 2913 1347 2994">
     <span class='ocr_line' id='line_1_25' title="bbox 343 2913 1347 2994; baseline -0.001 -19"><span class='ocrx_word' id='word_1_227' title='bbox 343 2920 385 2975; x_wconf 84' lang='grc'><strong><em>13.</em></strong></span> <span class='ocrx_word' id='word_1_228' title='bbox 403 2919 487 2976; x_wconf 76' lang='grc' dir='ltr'><strong><em>τοῦτο</em></strong></span> <span class='ocrx_word' id='word_1_229' title='bbox 506 2927 532 2974; x_wconf 88' lang='lat' dir='ltr'><strong><em>et</em></strong></span> <span class='ocrx_word' id='word_1_230' title='bbox 549 2915 729 2994; x_wconf 72' lang='grc' dir='ltr'><strong><em>ἀκολουθήσῃ</em></strong></span> <span class='ocrx_word' id='word_1_231' title='bbox 746 2937 793 2975; x_wconf 84' lang='lat' dir='ltr'><strong><em>om.</em></strong></span> <span class='ocrx_word' id='word_1_232' title='bbox 809 2919 883 2974; x_wconf 88' lang='lat' dir='ltr'>Boir.</span> <span class='ocrx_word' id='word_1_233' title='bbox 901 2937 949 2991; x_wconf 88' lang='lat' dir='ltr'><strong><em>pro</em></strong></span> <span class='ocrx_word' id='word_1_234' title='bbox 966 2913 1057 2994; x_wconf 73' lang='grc' dir='ltr'><strong><em>τούτῳ</em></strong></span> <span class='ocrx_word' id='word_1_235' title='bbox 1074 2925 1102 2974; x_wconf 87' lang='lat' dir='ltr'><strong><em>et</em></strong></span> <span class='ocrx_word' id='word_1_236' title='bbox 1118 2915 1347 2990; x_wconf 79' lang='grc' dir='ltr'><strong><em>ἇκολουθηθήσῃ.</em></strong></span> 
     </span>
    </p>
   </div>
   <div class='ocr_carea' id='block_1_4' title="bbox 265 3067 1371 4387">
    <p class='ocr_par' dir='ltr' id='par_1_4' title="bbox 265 3067 1371 4387">
     <span class='ocr_line' id='line_1_26' title="bbox 271 3067 1371 3148; baseline -0.004 -18"><span class='ocrx_word' id='word_1_237' title='bbox 271 3079 417 3148; x_wconf 85' lang='lat' dir='ltr'>promptum</span> <span class='ocrx_word' id='word_1_238' title='bbox 430 3079 506 3129; x_wconf 82' lang='lat' dir='ltr'>earet</span> <span class='ocrx_word' id='word_1_239' title='bbox 541 3075 595 3128; x_wconf 82' lang='lat' dir='ltr'><strong><em>Iam</em></strong></span> <span class='ocrx_word' id='word_1_240' title='bbox 609 3093 672 3130; x_wconf 79' lang='lat' dir='ltr'>vero</span> <span class='ocrx_word' id='word_1_241' title='bbox 685 3091 741 3130; x_wconf 85' lang='lat' dir='ltr'>eum</span> <span class='ocrx_word' id='word_1_242' title='bbox 753 3078 782 3128; x_wconf 91' lang='lat' dir='ltr'>ut</span> <span class='ocrx_word' id='word_1_243' title='bbox 795 3067 934 3129; x_wconf 75' lang='lat' dir='ltr'>miseritos</span> <span class='ocrx_word' id='word_1_244' title='bbox 948 3076 1054 3130; x_wconf 84' lang='lat' dir='ltr'>maxime</span> <span class='ocrx_word' id='word_1_245' title='bbox 1068 3073 1183 3138; x_wconf 87' lang='lat' dir='ltr'>inducor,</span> <span class='ocrx_word' id='word_1_246' title='bbox 1201 3073 1269 3143; x_wconf 91' lang='lat' dir='ltr'>quod</span> <span class='ocrx_word' id='word_1_247' title='bbox 1283 3090 1316 3126; x_wconf 88' lang='lat' dir='ltr'>ea</span> <span class='ocrx_word' id='word_1_248' title='bbox 1329 3073 1371 3127; x_wconf 82' lang='lat' dir='ltr'><strong><em>ia-</em></strong></span> 
     </span>
     <span class='ocr_line' id='line_1_27' title="bbox 272 3143 1370 3214; baseline -0.005 -14"><span class='ocrx_word' id='word_1_249' title='bbox 272 3163 332 3200; x_wconf 84' lang='lat' dir='ltr'>oore</span> <span class='ocrx_word' id='word_1_250' title='bbox 350 3146 467 3208; x_wconf 89' lang='lat' dir='ltr'>molitur,</span> <span class='ocrx_word' id='word_1_251' title='bbox 484 3163 549 3214; x_wconf 83' lang='lat' dir='ltr'>quas</span> <span class='ocrx_word' id='word_1_252' title='bbox 567 3145 629 3198; x_wconf 86' lang='lat' dir='ltr'>mibi</span> <span class='ocrx_word' id='word_1_253' title='bbox 648 3153 677 3199; x_wconf 89' lang='lat' dir='ltr'>ut</span> <span class='ocrx_word' id='word_1_254' title='bbox 694 3145 790 3214; x_wconf 83' lang='lat' dir='ltr'>probra</span> <span class='ocrx_word' id='word_1_255' title='bbox 808 3145 947 3200; x_wconf 80' lang='lat' dir='ltr'>insolenter</span> <span class='ocrx_word' id='word_1_256' title='bbox 967 3146 1070 3198; x_wconf 86' lang='lat' dir='ltr'>obiicit:</span> <span class='ocrx_word' id='word_1_257' title='bbox 1094 3163 1218 3198; x_wconf 83' lang='lat' dir='ltr'>armorum</span> <span class='ocrx_word' id='word_1_258' title='bbox 1235 3143 1293 3195; x_wconf 89' lang='lat' dir='ltr'>dico</span> <span class='ocrx_word' id='word_1_259' title='bbox 1311 3159 1370 3195; x_wconf 82' lang='lat' dir='ltr'><strong><em>omn</em></strong></span> 
     </span>
     <span class='ocr_line' id='line_1_28' title="bbox 272 3213 1370 3282; baseline -0.004 -14"><span class='ocrx_word' id='word_1_260' title='bbox 272 3215 390 3268; x_wconf 84' lang='lat' dir='ltr'>barbaris</span> <span class='ocrx_word' id='word_1_261' title='bbox 408 3221 436 3266; x_wconf 86' lang='lat' dir='ltr'><strong><em>et</em></strong></span> <span class='ocrx_word' id='word_1_262' title='bbox 451 3214 604 3282; x_wconf 65' lang='lat' dir='ltr'>alienigenis</span> <span class='ocrx_word' id='word_1_263' title='bbox 623 3216 780 3266; x_wconf 78' lang='lat' dir='ltr'>sociotatem.</span> <span class='ocrx_word' id='word_1_264' title='bbox 814 3213 881 3266; x_wconf 80' lang='lat' dir='ltr'>Noun</span> <span class='ocrx_word' id='word_1_265' title='bbox 900 3217 922 3266; x_wconf 85' lang='lat' dir='ltr'><strong><em>si</em></strong></span> <span class='ocrx_word' id='word_1_266' title='bbox 942 3215 969 3267; x_wconf 92' lang='lat' dir='ltr'><strong><em>in</em></strong></span> <span class='ocrx_word' id='word_1_267' title='bbox 986 3215 1076 3266; x_wconf 86' lang='lat' dir='ltr'>olienis</span> <span class='ocrx_word' id='word_1_268' title='bbox 1094 3213 1173 3266; x_wconf 89' lang='lat' dir='ltr'>ruinis</span> <span class='ocrx_word' id='word_1_269' title='bbox 1191 3213 1292 3266; x_wconf 84' lang='lat' dir='ltr'>laudurn</span> <span class='ocrx_word' id='word_1_270' title='bbox 1307 3227 1370 3268; x_wconf 81' lang='lat' dir='ltr'><strong><em>sua·</em></strong></span> 
     </span>
     <span class='ocr_line' id='line_1_29' title="bbox 271 3281 1370 3354; baseline -0.004 -18"><span class='ocrx_word' id='word_1_271' title='bbox 271 3299 327 3336; x_wconf 87' lang='lat' dir='ltr'><strong><em>rum</em></strong></span> <span class='ocrx_word' id='word_1_272' title='bbox 338 3283 503 3336; x_wconf 62' lang='lat' dir='ltr'>stabilitatem</span> <span class='ocrx_word' id='word_1_273' title='bbox 516 3283 666 3346; x_wconf 79' lang='lat' dir='ltr'>collocarit,</span> <span class='ocrx_word' id='word_1_274' title='bbox 683 3289 813 3335; x_wconf 75' lang='lat' dir='ltr'>sorerem</span> <span class='ocrx_word' id='word_1_275' title='bbox 825 3282 884 3334; x_wconf 90' lang='lat' dir='ltr'>odio</span> <span class='ocrx_word' id='word_1_276' title='bbox 897 3283 936 3334; x_wconf 94' lang='lat' dir='ltr'>illi</span> <span class='ocrx_word' id='word_1_277' title='bbox 949 3291 1010 3336; x_wconf 87' lang='lat' dir='ltr'>sunt</span> <span class='ocrx_word' id='word_1_278' title='bbox 1023 3301 1054 3336; x_wconf 85' lang='lat' dir='ltr'><strong><em>ee</em></strong></span> <span class='ocrx_word' id='word_1_279' title='bbox 1066 3301 1132 3354; x_wconf 84' lang='lat' dir='ltr'>quae</span> <span class='ocrx_word' id='word_1_280' title='bbox 1143 3282 1227 3350; x_wconf 83' lang='lat' dir='ltr'>gessi,</span> <span class='ocrx_word' id='word_1_281' title='bbox 1245 3281 1370 3333; x_wconf 77' lang='lat' dir='ltr'>affectare</span> 
     </span>
     <span class='ocr_line' id='line_1_30' title="bbox 271 3349 1369 3433; baseline -0.003 -29"><span class='ocrx_word' id='word_1_282' title='bbox 271 3361 349 3420; x_wconf 79' lang='lat' dir='ltr'>atquo</span> <span class='ocrx_word' id='word_1_283' title='bbox 362 3350 457 3403; x_wconf 87' lang='lat' dir='ltr'>imitari</span> <span class='ocrx_word' id='word_1_284' title='bbox 473 3351 540 3402; x_wconf 80' lang='lat' dir='ltr'>houd</span> <span class='ocrx_word' id='word_1_285' title='bbox 559 3369 574 3403; x_wconf 95' lang='lat' dir='ltr'>o</span> <span class='ocrx_word' id='word_1_286' title='bbox 593 3352 703 3404; x_wconf 85' lang='lat' dir='ltr'>ortebat.</span> <span class='ocrx_word' id='word_1_287' title='bbox 736 3349 834 3402; x_wconf 78' lang='lat' dir='ltr'>Imitari</span> <span class='ocrx_word' id='word_1_288' title='bbox 848 3351 945 3433; x_wconf 90' lang='lat' dir='ltr'>quippe</span> <span class='ocrx_word' id='word_1_289' title='bbox 958 3353 1067 3405; x_wconf 81' lang='lat' dir='ltr'>ornantis</span> <span class='ocrx_word' id='word_1_290' title='bbox 1081 3359 1134 3416; x_wconf 85' lang='lat' dir='ltr'>est,</span> <span class='ocrx_word' id='word_1_291' title='bbox 1152 3369 1203 3403; x_wconf 92' lang='lat' dir='ltr'><strong><em>non</em></strong></span> <span class='ocrx_word' id='word_1_292' title='bbox 1215 3349 1369 3414; x_wconf 78' lang='lat' dir='ltr'>aversantis,</span> 
     </span>
     <span class='ocr_line' id='line_1_31' title="bbox 271 3369 1369 3490; baseline -0.004 -16"><span class='ocrx_word' id='word_1_293' title='bbox 271 3425 300 3474; x_wconf 84' lang='lat' dir='ltr'><strong><em>et</em></strong></span> <span class='ocrx_word' id='word_1_294' title='bbox 318 3419 374 3472; x_wconf 84' lang='lat' dir='ltr'>eius</span> <span class='ocrx_word' id='word_1_295' title='bbox 393 3418 472 3486; x_wconf 80' lang='lat' dir='ltr'>magis</span> <span class='ocrx_word' id='word_1_296' title='bbox 490 3419 535 3486; x_wconf 88' lang='lat' dir='ltr'><strong><em>qui</em></strong></span> <span class='ocrx_word' id='word_1_297' title='bbox 549 3369 705 3483; x_wconf 69' lang='lat' dir='ltr'>admiretur,</span> <span class='ocrx_word' id='word_1_298' title='bbox 721 3434 795 3487; x_wconf 83' lang='lat' dir='ltr'>quaro</span> <span class='ocrx_word' id='word_1_299' title='bbox 810 3419 866 3470; x_wconf 85' lang='lat' dir='ltr'>eius</span> <span class='ocrx_word' id='word_1_300' title='bbox 884 3435 928 3488; x_wconf 81' lang='lat' dir='ltr'><strong><em>qur</em></strong></span> <span class='ocrx_word' id='word_1_301' title='bbox 946 3421 1094 3490; x_wconf 85' lang='lat' dir='ltr'><strong><em>vituperet.¹</em></strong></span> <span class='ocrx_word' id='word_1_302' title='bbox 1120 3422 1202 3474; x_wconf 87' lang='lat' dir='ltr'>Nemo</span> <span class='ocrx_word' id='word_1_303' title='bbox 1219 3419 1286 3474; x_wconf 87' lang='lat' dir='ltr'>enirn</span> <span class='ocrx_word' id='word_1_304' title='bbox 1302 3435 1369 3487; x_wconf 81' lang='lat' dir='ltr'>quas</span> 
     </span>
     <span class='ocr_line' id='line_1_32' title="bbox 270 3487 1369 3572; baseline 0.001 -32"><span class='ocrx_word' id='word_1_305' title='bbox 270 3505 315 3571; x_wconf 62' lang='grc' dir='ltr'><strong><em>τρε</em></strong></span> <span class='ocrx_word' id='word_1_306' title='bbox 329 3487 398 3549; x_wconf 89' lang='lat' dir='ltr'>odit,</span> <span class='ocrx_word' id='word_1_307' title='bbox 415 3502 460 3538; x_wconf 78' lang='lat' dir='ltr'>eoo</span> <span class='ocrx_word' id='word_1_308' title='bbox 471 3503 533 3540; x_wconf 82' lang='lat' dir='ltr'>vere</span> <span class='ocrx_word' id='word_1_309' title='bbox 547 3493 573 3539; x_wconf 90' lang='lat' dir='ltr'><strong><em>et</em></strong></span> <span class='ocrx_word' id='word_1_310' title='bbox 587 3503 618 3570; x_wconf 68' lang='lat' dir='ltr'>ex</span> <span class='ocrx_word' id='word_1_311' title='bbox 631 3487 804 3570; x_wconf 31' lang='lat' dir='ltr'>opimentum</span> <span class='ocrx_word' id='word_1_312' title='bbox 818 3487 897 3572; x_wconf 81' lang='lat' dir='ltr'>ompis</span> <span class='ocrx_word' id='word_1_313' title='bbox 915 3489 956 3542; x_wconf 84' lang='lat' dir='ltr'><strong><em>vis</em></strong></span> <span class='ocrx_word' id='word_1_314' title='bbox 970 3491 1051 3553; x_wconf 81' lang='lat' dir='ltr'>abest,</span> <span class='ocrx_word' id='word_1_315' title='bbox 1068 3491 1155 3542; x_wconf 83' lang='lat' dir='ltr'>facere</span> <span class='ocrx_word' id='word_1_316' title='bbox 1169 3489 1264 3542; x_wconf 82' lang='lat' dir='ltr'>studet.</span> <span class='ocrx_word' id='word_1_317' title='bbox 1291 3488 1369 3571; x_wconf 72' lang='lat' dir='ltr'>Quod</span> 
     </span>
     <span class='ocr_line' id='line_1_33' title="bbox 268 3553 1370 3697; baseline -0.011 -19"><span class='ocrx_word' id='word_1_318' title='bbox 268 3572 429 3678; x_wconf 63' lang='lat' dir='ltr'>tnltt</span> <span class='ocrx_word' id='word_1_319' title='bbox 440 3553 1297 3697; x_wconf 60' lang='lat' dir='ltr'>tlltlttttttlttltJt‘l‘t‘lltttlltnlllll</span> <span class='ocrx_word' id='word_1_320' title='bbox 1311 3573 1370 3678; x_wconf 70' lang='lat' dir='ltr'>&#39;tt</span> 
     </span>
     <span class='ocr_line' id='line_1_34' title="bbox 269 3692 1368 3780; baseline 0 -34"><span class='ocrx_word' id='word_1_321' title='bbox 269 3694 333 3748; x_wconf 88' lang='lat' dir='ltr'>dens</span> <span class='ocrx_word' id='word_1_322' title='bbox 349 3699 390 3748; x_wconf 84' lang='lat' dir='ltr'><strong><em>est</em></strong></span> <span class='ocrx_word' id='word_1_323' title='bbox 407 3709 479 3755; x_wconf 86' lang='lat' dir='ltr'>eum,</span> <span class='ocrx_word' id='word_1_324' title='bbox 496 3709 546 3745; x_wconf 88' lang='lat' dir='ltr'><strong><em>non</em></strong></span> <span class='ocrx_word' id='word_1_325' title='bbox 577 3693 621 3746; x_wconf 82' lang='lat' dir='ltr'><strong><em>uia</em></strong></span> <span class='ocrx_word' id='word_1_326' title='bbox 636 3693 735 3757; x_wconf 85' lang='lat' dir='ltr'>oderit,</span> <span class='ocrx_word' id='word_1_327' title='bbox 752 3692 899 3759; x_wconf 80' lang='lat' dir='ltr'>criminari3</span> <span class='ocrx_word' id='word_1_328' title='bbox 923 3695 967 3749; x_wconf 86' lang='lat' dir='ltr'>sed</span> <span class='ocrx_word' id='word_1_329' title='bbox 987 3697 1049 3765; x_wconf 85' lang='lat' dir='ltr'>quio</span> <span class='ocrx_word' id='word_1_330' title='bbox 1067 3697 1162 3780; x_wconf 85' lang='lat' dir='ltr'>prinus</span> <span class='ocrx_word' id='word_1_331' title='bbox 1177 3697 1245 3748; x_wconf 82' lang='lat' dir='ltr'>houd</span> <span class='ocrx_word' id='word_1_332' title='bbox 1264 3696 1368 3762; x_wconf 82' lang='lat' dir='ltr'>fecerit,</span> 
     </span>
     <span class='ocr_line' id='line_1_35' title="bbox 267 3711 1371 3832; baseline 0.001 -16"><span class='ocrx_word' id='word_1_333' title='bbox 267 3763 329 3816; x_wconf 89' lang='lat' dir='ltr'>ideo</span> <span class='ocrx_word' id='word_1_334' title='bbox 343 3763 447 3816; x_wconf 81' lang='lat' dir='ltr'>moleste</span> <span class='ocrx_word' id='word_1_335' title='bbox 458 3761 536 3815; x_wconf 76' lang='lat' dir='ltr'>ferra</span> <span class='ocrx_word' id='word_1_336' title='bbox 560 3711 737 3832; x_wconf 71' lang='lat' dir='ltr'><strong><em>qUtraounque</em></strong></span> <span class='ocrx_word' id='word_1_337' title='bbox 751 3761 832 3830; x_wconf 83' lang='lat' dir='ltr'>igitur</span> <span class='ocrx_word' id='word_1_338' title='bbox 847 3763 873 3816; x_wconf 93' lang='lat' dir='ltr'><strong><em>in</em></strong></span> <span class='ocrx_word' id='word_1_339' title='bbox 891 3782 966 3818; x_wconf 91' lang='lat' dir='ltr'>unum</span> <span class='ocrx_word' id='word_1_340' title='bbox 986 3783 1001 3817; x_wconf 87' lang='lat' dir='ltr'>o</span> <span class='ocrx_word' id='word_1_341' title='bbox 1016 3766 1088 3818; x_wconf 83' lang='lat' dir='ltr'>nobrs</span> <span class='ocrx_word' id='word_1_342' title='bbox 1101 3765 1142 3818; x_wconf 87' lang='lat' dir='ltr'>lex</span> <span class='ocrx_word' id='word_1_343' title='bbox 1154 3766 1208 3818; x_wconf 85' lang='lat' dir='ltr'>lata</span> <span class='ocrx_word' id='word_1_344' title='bbox 1224 3765 1318 3828; x_wconf 83' lang='lat' dir='ltr'>luerit,</span> <span class='ocrx_word' id='word_1_345' title='bbox 1337 3781 1371 3817; x_wconf 85' lang='lat' dir='ltr'>ea</span> 
     </span>
     <span class='ocr_line' id='line_1_36' title="bbox 267 3831 1370 3899; baseline 0.003 -15"><span class='ocrx_word' id='word_1_346' title='bbox 267 3831 296 3884; x_wconf 91' lang='lat' dir='ltr'><strong><em>in</em></strong></span> <span class='ocrx_word' id='word_1_347' title='bbox 310 3831 417 3885; x_wconf 86' lang='lat' dir='ltr'>altorum</span> <span class='ocrx_word' id='word_1_348' title='bbox 437 3831 514 3884; x_wconf 82' lang='lat' dir='ltr'>etiam</span> <span class='ocrx_word' id='word_1_349' title='bbox 532 3831 624 3884; x_wconf 88' lang='lat' dir='ltr'>merito</span> <span class='ocrx_word' id='word_1_350' title='bbox 642 3831 717 3884; x_wconf 83' lang='lat' dir='ltr'>cadat</span> <span class='ocrx_word' id='word_1_351' title='bbox 735 3847 842 3884; x_wconf 83' lang='lat' dir='ltr'>neeesse</span> <span class='ocrx_word' id='word_1_352' title='bbox 861 3842 916 3899; x_wconf 84' lang='lat' dir='ltr'>est,</span> <span class='ocrx_word' id='word_1_353' title='bbox 933 3841 960 3888; x_wconf 86' lang='lat' dir='ltr'><strong><em>et</em></strong></span> <span class='ocrx_word' id='word_1_354' title='bbox 975 3851 1006 3887; x_wconf 86' lang='lat' dir='ltr'>ex</span> <span class='ocrx_word' id='word_1_355' title='bbox 1024 3834 1146 3886; x_wconf 85' lang='lat' dir='ltr'>similibus</span> <span class='ocrx_word' id='word_1_356' title='bbox 1164 3834 1241 3888; x_wconf 82' lang='lat' dir='ltr'>laetis</span> <span class='ocrx_word' id='word_1_357' title='bbox 1262 3831 1370 3887; x_wconf 85' lang='lat' dir='ltr'>similem</span> 
     </span>
     <span class='ocr_line' id='line_1_37' title="bbox 268 3899 1370 3972; baseline 0.003 -19"><span class='ocrx_word' id='word_1_358' title='bbox 268 3901 390 3971; x_wconf 88' lang='lat' dir='ltr'>utrinque</span> <span class='ocrx_word' id='word_1_359' title='bbox 406 3899 526 3969; x_wconf 78' lang='lat' dir='ltr'>consequi</span> <span class='ocrx_word' id='word_1_360' title='bbox 542 3901 765 3969; x_wconf 80' lang='lat' dir='ltr'>reprehensionem</span> <span class='ocrx_word' id='word_1_361' title='bbox 779 3905 824 3952; x_wconf 91' lang='lat' dir='ltr'>aut</span> <span class='ocrx_word' id='word_1_362' title='bbox 837 3902 961 3956; x_wconf 83' lang='lat' dir='ltr'>veniarn.”</span> <span class='ocrx_word' id='word_1_363' title='bbox 986 3903 1049 3972; x_wconf 83' lang='lat' dir='ltr'>(ll.)</span> <span class='ocrx_word' id='word_1_364' title='bbox 1067 3905 1222 3970; x_wconf 74' lang='lat' dir='ltr'>tineosum,</span> <span class='ocrx_word' id='word_1_365' title='bbox 1242 3902 1370 3972; x_wconf 82' lang='lat' dir='ltr'>quasillo</span> 
     </span>
     <span class='ocr_line' id='line_1_38' title="bbox 267 3967 1370 4042; baseline 0.002 -20"><span class='ocrx_word' id='word_1_366' title='bbox 267 3969 344 4034; x_wconf 83' lang='lat' dir='ltr'>dixit,</span> <span class='ocrx_word' id='word_1_367' title='bbox 362 3969 396 4024; x_wconf 87' lang='lat' dir='ltr'>de</span> <span class='ocrx_word' id='word_1_368' title='bbox 407 3985 455 4022; x_wconf 83' lang='lat' dir='ltr'><strong><em>suo</em></strong></span> <span class='ocrx_word' id='word_1_369' title='bbox 463 3967 548 4021; x_wconf 89' lang='lat' dir='ltr'>indole</span> <span class='ocrx_word' id='word_1_370' title='bbox 562 3969 693 4022; x_wconf 79' lang='lat' dir='ltr'>admodum</span> <span class='ocrx_word' id='word_1_371' title='bbox 707 3971 839 4034; x_wconf 85' lang='lat' dir='ltr'>mentiens,</span> <span class='ocrx_word' id='word_1_372' title='bbox 857 3989 888 4024; x_wconf 87' lang='lat' dir='ltr'><strong><em>ao</em></strong></span> <span class='ocrx_word' id='word_1_373' title='bbox 900 3973 1022 4025; x_wconf 85' lang='lat' dir='ltr'>sermonis</span> <span class='ocrx_word' id='word_1_374' title='bbox 1039 3973 1219 4042; x_wconf 71' lang='lat' dir='ltr'>probabilitate</span> <span class='ocrx_word' id='word_1_375' title='bbox 1229 3989 1313 4024; x_wconf 88' lang='lat' dir='ltr'>rerum</span> <span class='ocrx_word' id='word_1_376' title='bbox 1320 3989 1370 4024; x_wconf 84' lang='lat' dir='ltr'>ve-</span> 
     </span>
     <span class='ocr_line' id='line_1_39' title="bbox 268 4037 1371 4123; baseline 0.003 -32"><span class='ocrx_word' id='word_1_377' title='bbox 268 4039 371 4092; x_wconf 79' lang='lat' dir='ltr'>ritatem</span> <span class='ocrx_word' id='word_1_378' title='bbox 384 4039 534 4091; x_wconf 86' lang='lat' dir='ltr'>obsourans.</span> <span class='ocrx_word' id='word_1_379' title='bbox 560 4037 618 4090; x_wconf 80' lang='lat' dir='ltr'><strong><em>Mos</em></strong></span> <span class='ocrx_word' id='word_1_380' title='bbox 631 4038 697 4090; x_wconf 82' lang='lat' dir='ltr'>euim</span> <span class='ocrx_word' id='word_1_381' title='bbox 711 4039 753 4092; x_wconf 86' lang='lat' dir='ltr'>bie</span> <span class='ocrx_word' id='word_1_382' title='bbox 766 4039 802 4091; x_wconf 92' lang='lat' dir='ltr'>illi</span> <span class='ocrx_word' id='word_1_383' title='bbox 819 4051 958 4110; x_wconf 79' lang='lat' dir='ltr'>perpetuus</span> <span class='ocrx_word' id='word_1_384' title='bbox 972 4041 1037 4094; x_wconf 73' lang='lat' dir='ltr'>luite</span> <span class='ocrx_word' id='word_1_385' title='bbox 1055 4059 1136 4110; x_wconf 85' lang='lat' dir='ltr'>eoque</span> <span class='ocrx_word' id='word_1_386' title='bbox 1149 4059 1177 4094; x_wconf 86' lang='lat' dir='ltr'><strong><em>so</em></strong></span> <span class='ocrx_word' id='word_1_387' title='bbox 1192 4039 1275 4123; x_wconf 84' lang='lat' dir='ltr'>palam</span> <span class='ocrx_word' id='word_1_388' title='bbox 1289 4057 1371 4110; x_wconf 85' lang='lat' dir='ltr'>snepe</span> 
     </span>
     <span class='ocr_line' id='line_1_40' title="bbox 268 4107 1370 4178; baseline 0.002 -18"><span class='ocrx_word' id='word_1_389' title='bbox 268 4115 387 4177; x_wconf 64' lang='lat' dir='ltr'>nuquam</span> <span class='ocrx_word' id='word_1_390' title='bbox 407 4115 553 4160; x_wconf 87' lang='lat' dir='ltr'>ornamento</span> <span class='ocrx_word' id='word_1_391' title='bbox 572 4107 658 4177; x_wconf 87' lang='lat' dir='ltr'>aliquo</span> <span class='ocrx_word' id='word_1_392' title='bbox 676 4109 835 4172; x_wconf 82' lang='lat' dir='ltr'>venditavit,</span> <span class='ocrx_word' id='word_1_393' title='bbox 857 4109 924 4178; x_wconf 92' lang='lat' dir='ltr'>quod</span> <span class='ocrx_word' id='word_1_394' title='bbox 942 4109 1011 4162; x_wconf 82' lang='lat' dir='ltr'>aliud</span> <span class='ocrx_word' id='word_1_395' title='bbox 1023 4127 1069 4162; x_wconf 88' lang='lat' dir='ltr'><strong><em>oro</em></strong></span> <span class='ocrx_word' id='word_1_396' title='bbox 1084 4119 1278 4178; x_wconf 73' lang='lat' dir='ltr'>pronunciaret,</span> <span class='ocrx_word' id='word_1_397' title='bbox 1297 4109 1370 4162; x_wconf 87' lang='lat' dir='ltr'>aliud</span> 
     </span>
     <span class='ocr_line' id='line_1_41' title="bbox 267 4175 1369 4248; baseline 0.004 -20"><span class='ocrx_word' id='word_1_398' title='bbox 267 4175 292 4228; x_wconf 91' lang='lat' dir='ltr'><strong><em>in</em></strong></span> <span class='ocrx_word' id='word_1_399' title='bbox 307 4177 390 4229; x_wconf 83' lang='lat' dir='ltr'>animo</span> <span class='ocrx_word' id='word_1_400' title='bbox 404 4177 529 4229; x_wconf 86' lang='lat' dir='ltr'>oecultum</span> <span class='ocrx_word' id='word_1_401' title='bbox 541 4177 663 4241; x_wconf 83' lang='lat' dir='ltr'>baberet,</span> <span class='ocrx_word' id='word_1_402' title='bbox 681 4185 708 4228; x_wconf 87' lang='lat' dir='ltr'><strong><em>et</em></strong></span> <span class='ocrx_word' id='word_1_403' title='bbox 722 4193 836 4246; x_wconf 84' lang='lat' dir='ltr'>pugnare</span> <span class='ocrx_word' id='word_1_404' title='bbox 851 4195 907 4230; x_wconf 87' lang='lat' dir='ltr'>curn</span> <span class='ocrx_word' id='word_1_405' title='bbox 923 4178 1012 4246; x_wconf 78' lang='lat' dir='ltr'>lingua</span> <span class='ocrx_word' id='word_1_406' title='bbox 1031 4178 1135 4231; x_wconf 86' lang='lat' dir='ltr'>oonsilia</span> <span class='ocrx_word' id='word_1_407' title='bbox 1153 4177 1210 4230; x_wconf 89' lang='lat' dir='ltr'>eius</span> <span class='ocrx_word' id='word_1_408' title='bbox 1224 4185 1251 4231; x_wconf 89' lang='lat' dir='ltr'><strong><em>et</em></strong></span> <span class='ocrx_word' id='word_1_409' title='bbox 1266 4180 1369 4248; x_wconf 80' lang='lat' dir='ltr'>eogita-</span> 
     </span>
     <span class='ocr_line' id='line_1_42' title="bbox 265 4245 1368 4316; baseline 0.004 -20"><span class='ocrx_word' id='word_1_410' title='bbox 265 4245 349 4298; x_wconf 81' lang='lat' dir='ltr'>tiones</span> <span class='ocrx_word' id='word_1_411' title='bbox 365 4263 397 4314; x_wconf 86' lang='lat' dir='ltr'><strong><em>ap</em></strong></span> <span class='ocrx_word' id='word_1_412' title='bbox 417 4253 511 4300; x_wconf 83' lang='lat' dir='ltr'>areret.</span> <span class='ocrx_word' id='word_1_413' title='bbox 546 4245 653 4298; x_wconf 84' lang='lat' dir='ltr'>Multam</span> <span class='ocrx_word' id='word_1_414' title='bbox 671 4245 751 4314; x_wconf 82' lang='lat' dir='ltr'>igitur</span> <span class='ocrx_word' id='word_1_415' title='bbox 770 4253 823 4298; x_wconf 87' lang='lat' dir='ltr'>turn</span> <span class='ocrx_word' id='word_1_416' title='bbox 850 4263 950 4316; x_wconf 85' lang='lat' dir='ltr'>quoquo</span> <span class='ocrx_word' id='word_1_417' title='bbox 975 4247 1106 4300; x_wconf 75' lang='lat' dir='ltr'>audaciam</span> <span class='ocrx_word' id='word_1_418' title='bbox 1125 4247 1211 4300; x_wconf 81' lang='lat' dir='ltr'>verbis</span> <span class='ocrx_word' id='word_1_419' title='bbox 1234 4247 1368 4316; x_wconf 82' lang='lat' dir='ltr'>professus</span> 
     </span>
     <span class='ocr_line' id='line_1_43' title="bbox 265 4312 1367 4387; baseline 0.004 -22"><span class='ocrx_word' id='word_1_420' title='bbox 265 4312 373 4368; x_wconf 75' lang='lat' dir='ltr'>laedor</span> <span class='ocrx_word' id='word_1_421' title='bbox 407 4314 573 4384; x_wconf 76' lang='lat' dir='ltr'>arguebatur.</span> <span class='ocrx_word' id='word_1_422' title='bbox 609 4315 677 4369; x_wconf 87' lang='lat' dir='ltr'><strong><em>Nom</em></strong></span> <span class='ocrx_word' id='word_1_423' title='bbox 694 4315 752 4386; x_wconf 84' lang='lat' dir='ltr'>ipse</span> <span class='ocrx_word' id='word_1_424' title='bbox 765 4315 868 4386; x_wconf 88' lang='lat' dir='ltr'>quidem</span> <span class='ocrx_word' id='word_1_425' title='bbox 883 4315 1084 4371; x_wconf 75' lang='lat' dir='ltr'>Thessalonicae</span> <span class='ocrx_word' id='word_1_426' title='bbox 1098 4317 1192 4369; x_wconf 86' lang='lat' dir='ltr'>nonsit</span> <span class='ocrx_word' id='word_1_427' title='bbox 1204 4333 1268 4387; x_wconf 88' lang='lat' dir='ltr'>prae</span> <span class='ocrx_word' id='word_1_428' title='bbox 1281 4326 1367 4370; x_wconf 64' lang='lat' dir='ltr'>metui</span> 
     </span>
    </p>
   </div>
   <div class='ocr_carea' id='block_1_5' title="bbox 0 0 1502 4830">
    <p class='ocr_par' dir='ltr' id='par_1_5' title="bbox 0 0 1502 4830">
     <span class='ocr_line' id='line_1_44' title="bbox 0 0 1502 4830; baseline 0 3"><span class='ocrx_word' id='word_1_429' title='bbox 0 0 1502 4830; x_wconf 95' lang='lat' dir='ltr'><strong><em> </em></strong></span> 
     </span>
    </p>
   </div>
  </div>
 </body>
</html>
