2994 4830
365 333 600 408 HISTORIAE
618 337 895 412 BYZANTINAE
915 343 1003 414 xlv.
1020 352 1051 420 θ.
1174 339 1249 410 697

148 505 264 584 κλητον
283 499 334 564 καί
350 495 479 585 βουλήν.
524 496 595 592 (Β.)
619 503 757 580 Πολλοῖς
779 504 883 572 τοίνυν
905 503 960 572 τόν
981 503 1174 594 πατριάρχην
1193 516 1285 575 κυ--λι
1301 519 1329 568 ⁰·
1344 513 1411 574 1344

151 600 321 698 τελούμενον
337 601 416 668 υλίσι
441 605 493 668 καλ
507 605 668 688 κηδεσταῖς
693 607 743 670 καλ
764 604 942 692 ολπογόνοις,
970 611 1021 674 καλ
1045 608 1158 695 πλήθει
1172 587 1410 712 συγ-ἰωήεὶῗηέψ

147 707 263 793 γενείας
275 709 493 790 παντοδαπῆς,
521 717 623 790 τιμαῖς
637 705 746 784 ἄλλοις
765 699 880 786 ι’ίλλους
894 713 1090 799 μετεωρίσας,
1118 717 1169 780 καλ
1181 741 1248 798 χω·

149 810 225 895 ρίων
245 805 416 875 ἐπιδόσεσιν
440 807 571 896 εύιτορον
599 807 797 895 καταστήσας
829 811 884 879 τδν
912 815 982 896 βίον
1003 813 1126 896 αὐτοῖς,
1162 819 1248 895 ξένας

125 909 254 982 siucero
268 908 380 978 ἐπενόει
401 917 498 993 τιμόλν
518 909 716 998 παρενθήκας
736 919 776 1000 τῇ
794 923 998 1004 πατριαρχικῇ
1021 917 1066 982 δι’
1085 917 1180 984 αύτδν
1193 947 1249 986 πε-

154 1019 265 1102 ριωπῇ.
294 1014 326 1078 ni
339 1015 373 1080 δὲ
387 1007 484 1099 ἦσαν,
510 1011 637 1098 μήτ’,ἐν
651 1011 856 1103 δπογραφαῖς,
882 1017 961 1102 μήτ’
978 1021 1010 1084 ἐν
1023 1018 1182 1112 καλύπτρρ
1196 1036 1275 1090 oon-B

154 1123 258 1204 φυλῆς
282 1115 412 1184 ἕπεσθαι
439 1125 505 1192 τοῖς
527 1121 669 1194 παλαιοῖς
695 1119 853 1201 ἐθισμοῖς,
880 1117 967 1204 μήθ’
990 1117 1168 1206 ύποδήμασι
1183 1135 1249 1204 τοῖς

154 1217 272 1303 δμοίοις
294 1218 337 1284 ἴτε
357 1225 547 1314 κεχρῆσθαι,
577 1218 649 1285 dit?
671 1220 817 1308 ἐρυθροῖς
838 1223 895 1306 μὲν
911 1222 1033 1301 αὐτοῖς·
1059 1232 1202 1311 Σηρικοῖς
1215 1229 1250 1296 δέ

149 1323 201 1388 καλ
213 1331 344 1408 χρυσοῖς
356 1322 413 1406 τὴν
433 1317 610 1408 καλύπτραν
626 1318 788 1409 δηόσμασι
801 1331 1029 1412 κεκοσμῆσθαι·
1051 1327 1194 1413 χρώματι
1209 1333 1229 1396 δ
1236 1329 1246 1356 ‘

103 1442 141 1496 ιο
150 1417 190 1490 od
211 1421 381 1514 ύακινθίνρι
402 1423 459 1501 τὰς
480 1431 541 1490 τῶν
561 1425 729 1492 ἐπιστολῶν
753 1429 804 1492 καί
824 1425 1038 1516 ψηφισμάτων
1055 1429 1249 1517 ἐγχαράττειν

148 1529 363 1611 ἐπισημασίας.
406 1525 475 1618 (Β.)
502 1529 567 1593 Καὶ
580 1527 616 1594 od
633 1527 756 1614 εύλογον
774 1536 831 1614 τῆς
850 1533 951 1608 αἰτίας
964 1535 1195 1621 προσεπιφίρων
1208 1541 1248 1622 τῇ

146 1632 328 1720 καινοτομίᾳ
345 1631 395 1695 καὶ
411 1627 653 1718 προθεραπεύων
667 1629 798 1718 ἔφασκεν
812 1629 855 1710 ὥς
866 1631 986 1713 ,,πόλαι
1001 1636 1092 1720 ἐχρῆν
1112 1641 1276 1726 κεκυρῶ-(λ

146 1739 229 1800 σθαι
252 1735 339 1798 τουτὶ
351 1731 388 1798 τό
408 1733 561 1815 δικαίωμα
576 1740 616 1820 τῇ
631 1740 687 1817 τῆς
699 1731 924 1820 βασιλευούσης
936 1743 998 1802 τῶν
1010 1735 1127 1804 πόλεων
1141 1739 1248 1824 ἐκκλη-

146 1837 203 1927 σίηι
210 1883 221 1916 ,
250 1834 303 1900 ἅτε
319 1841 428 1902 πασῶν
442 1831 554 1902 όπόσαι
570 1832 629 1922 ὕφ’
643 1835 730 1920 ἣλιον
745 1833 848 1915 πόλεις
858 1841 933 1904 εέσλν
946 1835 1152 1926 ύπερεχούσης
1168 1837 1248 1906 κατό

102 1952 138 2010 15
148 1964 183 2004 τε
197 1939 329 2024 μέγεθος
343 1940 394 2003 καὶ
407 1939 560 2014 πολιτείας
575 1938 731 2024 εύγίνειαν.
759 1941 809 2006 καί
822 1937 900 2028 πρός
914 1966 946 2028 γε
962 1940 1005 2008 ἐτι
1022 1943 1249 2034 Κωνσταντίνιμ

144 2047 194 2129 τῷ
210 2037 332 2130 μεγάλῳ
347 2047 472 2124 βασιλεῖ
481 2043 644 2124 τειχίσαντι
657 2038 783 2127 ταύτην,
811 2046 862 2108 καὶ
877 2043 913 2110 τδ
929 2049 985 2130 τῆς
994 2041 1113 2130 Ῥώμης
1127 2044 1248 2129 ἀξίωμα

144 2143 228 2227 μετὰ
252 2149 308 2228 τῆς
329 2144 488 2226 βασιλείας
510 2144 662 2210 ἐνταυθοῖ
677 2141 906 2230 μετενηνοχότι,
939 2149 991 2212 καὶ
1016 2145 1089 2237 ἃτῇ
1104 2149 1248 2241 ἐκκλησίην

144 2246 299 2334 παρίσχει
313 2247 376 2311 ἐκεῖ
385 2243 538 2332 προνόμια
546 2294 557 2328 ,
588 2245 840 2334 συνηκολούθησε
853 2251 905 2316 καὶ
921 2255 1021 2316 ταῦτα
1047 2251 1098 2316 καλ
1117 2252 1277 2336 μετηνί-Ι)

141 2356 214 2436 χθη
231 2347 309 2436 πρὸς
327 2346 444 2433 ταύτην
468 2345 510 2424 ὡς
523 2349 559 2415 τδ
582 2346 670 2426 εἰκός.
698 2352 725 2418 εἰ
746 2352 782 2417 δὲ
800 2361 865 2428 τοῖς
880 2352 996 2418 ἐκεῖθεν
1011 2351 1160 2438 η’μέληται
1177 2355 1245 2420 ἐπι-

99 2449 277 2528 ιοσκόποις
300 2453 350 2516 καλ
368 2447 524 2536 διαδόχοις
544 2448 656 2519 ἐνθάδε
678 2459 742 2518 τῶν
763 2451 907 2540 θρόνων,
942 2456 976 2520 τί
993 2455 1071 2542 πρὸς
1085 2454 1157 2533 ἐπος
1171 2453 1246 2542 ήμῖν

144 2551 301 2641 τήμερον,·
328 2553 365 2620 ού
383 2553 443 2642 γὰρ
465 2550 561 2638 νόμον
585 2564 650 2632 τοῖς
663 2551 819 2642 διμιγόνοις
840 2553 916 2624 είνοιι
928 2557 1047 2645 χρεαλν,
1075 2557 1178 2635 ἃτοῖς
1191 2583 1247 2644 γο-

143 2663 251 2726 υεύσιν
277 2659 311 2724 ἐκ
339 2659 527 2743 περιπετείας
550 2656 633 2735 τινδς
662 2659 934 2744 πεπλημμέληται,
970 2658 1052 2725 titt
1075 2656 1343 2746 &adponant-³⁵4

143 2764 269 2846 μᾶλλον
288 2769 353 2836 τοῖς
374 2759 440 2826 όνω
461 2761 602 2846 γίνεσθαι
628 2757 784 2841 κάτωθεν,
820 2760 921 2848 ὥσπερ
943 2759 1095 2849 ῥεύματος
1118 2761 1248 2850 ἆνατρέ-

142 2887 260 2950 χοντος
273 2861 327 2928 ἐπ’
351 2861 462 2959 οήαθῷ
481 2869 538 2930 τού
553 2863 643 2948 βίου·
669 2863 781 2942 ἐξεῖναί
792 2889 825 2954 γε
838 2863 901 2950 μὴν
916 2865 968 2930 καλ
981 2860 1028 2943 οἷς
1041 2864 1120 2956 πρδς
1130 2861 1250 2952 βουλή-

146 3025 329 3082 αοαελελοτλααι
344 3031 373 3080 et
386 3024 458 3079 ouria
470 3023 613 3080 oonrtnbat.
646 3023 712 3095 (Π.)
730 3025 816 3090 Quum
835 3026 924 3098 itaque
941 3025 1026 3080 multis
1040 3025 1145 3092 liberio,
1163 3025 1249 3080 affini·

144 3097 215 3161 buo,
298 3096 382 3161 tibus,
400 3103 429 3148 et
440 3111 575 3148 numerosa
589 3095 669 3148 omnio
683 3096 785 3163 generio
798 3095 950 3165 cognatione
983 3103 1125 3148 temeretur
1136 3095 1250 3164 undique

145 3165 249 3238 patriar
282 3181 313 3230 a,
330 3163 362 3218 ad
379 3165 490 3218 honores
509 3162 554 3217 alii
569 3161 633 3216 aliur
647 3164 765 3234 provecti
784 3170 812 3217 et
828 3163 941 3234 praediis
955 3113 1032 3216 dau
1047 3163 1081 3216 ud
1095 3163 1250 3233 opulentiam

146 3241 331 3307 perverenat.
365 3233 429 3286 Mox
443 3241 471 3286 et
484 3249 564 3285 novae
578 3240 687 3302 propter
705 3249 762 3285 eurn
782 3233 886 3286 honorio
906 3232 1067 3286 aooeroioneo
1081 3231 1251 3300 excogitavit,

146 3304 244 3375 quibo·
258 3301 436 3372 patriarchalia
449 3317 515 3371 apex
529 3301 704 3354 decoraretur.
740 3301 798 3354 Eae
810 3309 893 3355 auten
911 3307 999 3355 etanta
1017 3317 1066 3364 ue,
1083 3310 1203 3370 quantum
1216 3301 1251 3354 ad

146 3371 354 3441 oubooriptioner
365 3377 393 3424 et
405 3369 438 3422 ad
450 3370 544 3440 capitia
556 3377 667 3438 tegmen,
683 3369 804 3424 maiorum
817 3371 960 3424 institutum
973 3371 1106 3434 retineret,
1123 3387 1190 3422 neve
1203 3369 1251 3422 iiu-

146 3441 209 3495 dem
224 3441 315 3510 quibua
330 3447 405 3493 antu
420 3439 513 3492 oaioeio
526 3445 651 3504 uteretur,
669 3439 715 3492 aed
729 3446 757 3492 ut
772 3441 844 3494 rubri
857 3440 895 3493 iili
909 3439 1011 3522 quideru
1029 3441 1129 3502 ειεεαές
1144 3435 1250 3492 infulam

145 3517 237 3566 antem
257 3509 347 3562 Serico
365 3525 493 3577 aureoque
510 3513 583 3560 textu
603 3509 711 3562 haberet
728 3517 858 3570 ornatamt
882 3507 1004 3579 epratolaa
1025 3525 1086 3560 vero
1106 3513 1133 3560 et
1145 3507 1251 3562 decreta

147 3577 245 3632 oolorir
260 3576 419 3646 hyacinthini
432 3576 526 3630 litterio
541 3575 712 3646 consignaret.
747 3577 823 3648 (111.)
841 3577 891 3631 cni
905 3595 987 3630 novae
1000 3577 1037 3630 rei
1052 3595 1064 3628 r
1085 3577 1195 3640 eoiooam
1208 3592 1251 3628 ra-

146 3648 248 3700 tionem
259 3645 439 3715 praetendenr,
457 3661 488 3698 oo
499 3645 570 3699 uelut
587 3646 805 3715 praeparationem
818 3645 957 3710 adhibens,
977 3595 1129 3710 denudat,
1152 3643 1253 3714 pridem

146 3717 179 3771 id
192 3715 257 3768 iuria
276 3714 383 3768 attribui
401 3713 521 3768 debuine
539 3713 663 3784 principio
682 3716 753 3768 nrbio
771 3715 909 3778 eeclesiae,
934 3720 1025 3783 utpote
1042 3731 1109 3782 quae
1126 3711 1252 3777 omnibns,

147 3791 278 3855 quotquot
297 3784 344 3836 rub
363 3783 417 3836 nole
439 3789 537 3847 eruent,
555 3783 663 3836 urbibus
679 3783 854 3853 magnitudine
867 3790 895 3836 et
905 3783 939 3835 irn
958 3781 1006 3835 erii
1023 3781 1158 3836 nobilitate
1178 3787 1254 3834 ante·

148 3853 267 3908 neuma.
290 3850 468 3916 ‚,1unovaro,”
481 3851 576 3916 aiebat,
588 3851 714 3914 „tundata
728 3854 761 3906 ab
772 3851 928 3922 imperatore
936 3800 1206 3919 domunttnontagno
1221 3865 1253 3902 ea

147 3921 226 3984 orbe,
245 3920 428 3990 tranuiatirque
443 3919 477 3973 ud
492 3937 547 3974 eam
559 3937 615 3974 curn
632 3919 739 3991 imperio
753 3921 833 3990 ἱρεῖαι
845 3921 941 3974 Romae
954 3920 1100 3983 honoribus,
1117 3919 1195 3970 etiarn
1213 3933 1254 3980 ea,

146 4007 220 4062 quae
226 3991 354 4043 Romanae
367 3989 491 4042 eocieoiae
506 3995 677 4056 concurserat,
687 3989 822 4072 privilegia
831 3988 905 4042 simui
916 3987 1076 4042 transierunt
1087 3985 1154 4060 etad
1165 3985 1251 4048 iatam,

146 4067 183 4115 mt
194 4075 244 4129 par
258 4065 314 4122 en,
332 4058 456 4111 uanslm
472 4058 585 4116 fuerunt
621 4059 663 4112 Eu
679 4076 702 4110 τι
721 4060 753 4112 ab
771 4057 938 4128 aequentibno
956 4055 1085 4126 epiooopio
1105 4063 1133 4106 et
1147 4051 1251 4106 huiusce

146 4127 302 4201 pontificiae
321 4127 391 4180 radio
408 4127 598 4180 auocooooribur
617 4127 826 4194 regioannae,
849 4123 912 4196 quid
927 4125 997 4178 irtud
1015 4123 1048 4177 ad
1066 4139 1112 4176 non
1126 4120 1252 4174 hodierna

146 4197 220 4250 diet
254 4195 314 4250 Neo
327 4195 393 4250 enim
411 4201 514 4264 oportet
526 4193 592 4264 legio
604 4195 682 4248 instar
695 4193 812 4249 obtinere
824 4195 895 4264 apud
909 4200 1035 4264 posteros,
1052 4189 1075 4243 ai
1093 4189 1155 4258 qnid
1169 4204 1184 4241 a
1198 4203 1252 4242 ma·

146 4265 252 4319 ionibus
267 4271 364 4317 temere
381 4269 514 4334 peceatum
532 4263 626 4316 suerit:
643 4263 688 4317 ned
721 4264 789 4317 utine
807 4263 943 4332 ouperiora
961 4257 1089 4314 emendari
1104 4274 1151 4328 per
1164 4261 1252 4326 porte-

144 4334 239 4398 tiora,
256 4332 331 4402 quani
343 4349 391 4402 per
409 4333 532 4402 quondam
550 4332 636 4396 rinno,
654 4281 772 4404 pubicae
785 4331 904 4387 utilium
919 4347 997 4386 oaura
1009 4329 1042 4382 ad
1056 4327 1150 4382 iontem
1163 4342 1252 4385 recur-

222 4415 387 4489 Nioeptoraa
405 4419 516 4491 Grogor.
542 4419 599 4476 Vnt.
616 4419 654 4474 11.
1001 4401 1044 4467 45
