3016 4824
717 176 733 237 l

513 317 870 394 ANNOTATIONES.
1166 312 1265 386 1517

216 483 288 562 Pag.
313 485 410 558 1118,
431 485 462 547 7.
509 483 577 542 ilia
597 474 673 541 ιιαταλ
702 480 848 562 διαίρεσιν
865 471 1074 561 χαρισμάτων]
1105 476 1135 540 Ε
1157 481 1265 561 gratiis

23 575 31 606 a.
126 569 280 647 gratuitis,
306 587 380 648 ηαοι
394 566 474 626 Dens
489 560 681 624 diversimode
694 561 852 624 distribuit.
884 566 934 623 Sic
948 573 1057 624 secant
1077 561 1211 644 theologi
1228 586 1263 626 ea

23 659 30 694 *-
129 660 251 710 externa
272 650 325 710 Dei
348 653 444 726 dona,
469 671 547 730 quae
568 649 670 728 potius
693 650 732 708 ad
754 657 939 709 caeterorum
962 650 1120 709 utilitatem
1142 649 1262 728 dantur,

127 753 215 813 quam
239 735 276 794 ad
294 737 525 796 emolamentum
545 734 628 794 illins
644 735 779 812 inquam
795 734 1008 812 conseruntur:
1029 743 1064 796 at
1079 735 1158 796 dona
1171 735 1274 832 mirsj'

23 831 27 864 ῑ
126 821 280 896 culorum,
300 821 470 899 linguarum
490 829 548 884 etc.
593 839 773 880 muraena.
796 853 798 862 ‚

209 903 283 985 Peg·
307 911 406 982 1114,
426 913 456 971 7.
485 899 532 968 Ἢ
544 900 582 966 σά
595 899 721 966 sisciae
733 905 769 966 ἓν
785 895 961 967 :clausistis
976 901 1053 986 ἐρεῖς
1066 907 1105 988 τῇ
1114 909 1172 968 τοῦ
1182 909 1262 970 θεοῦ

125 982 235 1069 ον’σλοι]
261 989 386 1050 Videtur
399 989 450 1050 hio
461 991 595 1050 Palamas
613 989 769 1068 impegisse
783 989 814 1047 in
833 1007 900 1048 eum
916 1009 1062 1064 errorem,
1086 990 1138 1068 qui
1161 991 1261 1052 abbati

122 1053 275 1134 loechimo
287 1074 418 1136 tributas
433 1084 487 1150 eet,
509 1085 538 1134 et
554 1075 584 1134 in
599 1075 733 1134 Concilio
749 1074 884 1134 Lateran.
898 1073 948 1133 lV.
968 1075 1022 1134 sub
1039 1075 1191 1138 lnnoeent.
1206 1077 1259 1140 Ill.

123 1179 201 1218 enno
220 1159 335 1218 Domini
354 1162 446 1226 1215.
463 1162 633 1220 damnatus:
657 1159 739 1238 qnod
755 1179 860 1237 nempe
878 1167 938 1219 tres
957 1179 1101 1238 personae
1128 1161 1259 1240 divinae,

121 1263 182 1302 non
197 1252 314 1303 tantum
333 1244 412 1304 inter
428 1265 475 1321 se,
497 1245 550 1305 sed
569 1253 597 1304 et
621 1243 658 1302 ab
679 1245 805 1304 essentie
825 1243 928 1303 divina
950 1245 1071 1304 realiter
1095 1245 1260 1326 distingue·

121 1338 233 1388 rentur.
254 1329 321 1388 Hac
335 1340 433 1390 antem
446 1328 609 1389 catholicae
623 1329 692 1388 fidei
705 1331 833 1390 maxime
847 1327 1035 1390 adversetur.
1062 1330 1138 1390 Nem
1153 1332 1184 1390 in
1200 1331 1259 1392 hoc

120 1413 283 1492 praecipue
312 1424 370 1473 stat
390 1416 591 1474 sanctissimae
613 1414 767 1474 Trinitatis
788 1413 979 1493 mysterium,
1014 1415 1097 1493 quod
1124 1435 1185 1476 una
1216 1417 1259 1478 sit

121 1499 240 1556 onrnino
255 1510 375 1574 nature,
399 1509 428 1559 et
443 1510 503 1559 tres
518 1519 664 1579 personae
682 1500 803 1559 realiter
820 1498 991 1558 distinctae:
1014 1519 1089 1578 quaa
1106 1501 1257 1563 tamenab

119 1582 208 1642 unice
227 1584 279 1643 ills
293 1595 398 1644 natura
413 1585 534 1645 realiter
548 1604 610 1644 nou
625 1584 853 1663 distinguantur.
896 1603 1078 1647 sarraconis.

201 1670 280 1749 Pflg·
303 1667 400 1744 1114,
424 1675 475 1736 10.
508 1666 564 1743 ιᾺς
579 1667 597 1732 o‘
611 1665 788 1751 προφήτης]
811 1669 877 1730 lsai.
890 1669 944 1730 Xl.
969 1689 1152 1732 curamonta.

201 1757 279 1834 Peg·
304 1761 401 1830 1114,
422 1760 471 1822 13.
513 1753 546 1817 ‘0
562 1755 675 1838 κμλνοον
689 1758 792 1818 πάσαν
807 1774 873 1816 sas.
893 1753 938 1834 λ.]
963 1755 1069 1814 Genea.
1092 1760 1141 1821 18.
1184 1773 1257 1816 oar-

116 1854 242 1898 rsaonu.
1234 1899 1237 1905 ,

202 1921 273 2004 Pag-
298 1926 397 1998 1115.
420 1930 451 1990 2·
498 1919 538 1986 Ti
553 1916 613 1992 issi
625 1925 793 2004 καταβολῆς
806 1916 922 2003 κόσμου
937 1917 1178 2003 ἡτοιμασμένον]
1201 1920 1255 1980 Al-

116 2005 194 2066 ludit
217 2009 351 2068 Palamas
373 2008 411 2066 ad
436 2007 538 2068 Marah.
562 2029 629 2090 cap.
651 2010 748 2072 XXV.
777 2007 882 2068 Venite
904 2003 1049 2067 benedieti
1069 2008 1166 2086 patris
1187 2008 1254 2082 mei,
1291 2039 1294 2044 ¹

115 2089 262 2171 possidete
279 2107 417 2174 paratum
436 2091 520 2153 uobis
541 2116 659 2175 regnum
678 2115 698 2152 a
717 2089 1046 2174 constitutionemundi.
1071 2109 1254 2154 osraaaoutt.

203 2181 271 2258 Peg.
296 2181 393 2252 1115,
413 2183 442 2244 7.
486 2179 565 2260 Περὶ
582 2182 637 2258 τῆς
657 2181 747 2252 θείας
761 2173 974 2258 μεταλήψεως]
1001 2176 1047 2235 lta
1069 2176 1176 2236 Graeci
1199 2197 1255 2236 vc·

116 2271 185 2321 cant
201 2281 303 2321 sacrae
317 2263 525 2322 Eucharistiae
546 2263 759 2342 sumptionem:
783 2262 853 2342 quia
875 2273 909 2321 nt
927 2261 1004 2322 belle
1017 2259 1109 2321 habet
1121 2263 1151 2323 S.
1167 2261 1250 2326 loen.

113 2347 248 2406 Damaso.
271 2349 323 2407 lib.
340 2348 390 2410 IV.
413 2346 534 2406 orthod.
557 2348 609 2407 tid.
636 2343 679 2408 δι’
697 2342 791 2426 αὐτῆς
809 2352 864 2425 τῆς
885 2339 983 2424 Ἰησοῦ
1004 2340 1146 2426 θεότητος
1166 2371 1252 2427 μετα-

112 2427 323 2512 λαμβάνομεν,
341 2454 395 2511 per
408 2451 472 2490 sam
490 2427 598 2491 Christi
620 2427 784 2489 diuinitatis
796 2431 957 2509 participes
972 2429 1130 2510 efficimur.
1161 2433 1251 2494 Diffe-

112 2527 295 2576 suntantea:
312 2516 392 2593 apud
409 2514 700 2574 Graecos'interdnm
716 2508 882 2592 μετάληψις
896 2523 926 2571 st
940 2509 1107 2592 μετάδοσις.
1130 2513 1251 2595 Quippe

112 2594 282 2680 μετάληψιν
296 2609 409 2659 vocant.
424 2597 584 2676 sanguinis,
594 2593 753 2676 μετάδοσιν
764 2617 838 2656 vero
855 2599 992 2676 corporis
1008 2596 1151 2657 dominici
1169 2621 1250 2662 eom.

111 2685 293 2744 munionem.
339 2684 423 2743 Unde
436 2685 467 2743 in
480 2684 655 2760 imaginibus
672 2703 749 2763 quse
763 2681 882 2762 depingi
903 2683 1000 2741 solent
1010 2682 1041 2740 in
1056 2682 1134 2741 sacri
1148 2685 1250 2746 altaris

112 2769 252 2844 conchis,
276 2767 411 2828 Christus
426 2768 576 2846 effingitur
591 2789 691 2829 sacrae
707 2787 824 2828 mensae
839 2765 971 2826 assidens
985 2765 1119 2826 manibus
1133 2768 1165 2828 in
1181 2791 1249 2830 cru-

111 2875 175 2915 cem
197 2854 375 2913 decussatis:
396 2853 501 2914 dextra
521 2853 657 2932 atridem,
683 2853 731 2912 cui
748 2872 810 2912 vax
832 2845 999 2933 μετάληψις
1024 2853 1168 2934 inscripta
1191 2867 1246 2933 est,

111 2941 251 3012 calicem3
274 2940 410 3014 sinistra,
433 2938 484 2998 abi
507 2957 568 2997 vox
589 2941 644 2998 alia
666 2933 823 3018 μετάδοσις
836 2938 959 3016 legitur,
981 2957 1087 3018 penam
1110 2951 1247 3004 sanctum

107 3026 274 3104 porrigens.
317 3025 394 3084 llinc
409 3024 439 3082 in
459 3023 598 3101 liturgia,
621 3023 824 3102 chrysostomi
840 3022 959 3082 nomine
973 3024 1132 3104 inscripta,
1154 3023 1246 3106 μετά.

108 3112 161 3183 ess
176 3133 227 3190 μοι
248 3108 375 3172 δέσποτα
395 3108 428 3171 τὸ
447 3108 547 3190 τίμιον
564 3107 617 3172 sol
636 3107 669 3172 τά
689 3104 776 3191 άγιον
790 3113 875 3187 σῶμα
895 3112 952 3170 τοῦ
964 3109 1082 3192 Kopion
1088 3157 1098 3188 ,
1118 3108 1246 3174 Domine

107 3197 254 3276 impertire
265 3193 338 3254 milri
352 3192 525 3254 honorabile
539 3215 577 3254 ae
588 3208 722 3256 sanctam
736 3191 849 3254 domini
863 3214 976 3274 corpas.
1003 3193 1040 3253 lit
1057 3203 1171 3274 posteo,
1191 3197 1245 3260 καλ

107 3275 181 3359 μετά
197 3275 365 3359 μετάληψιν
381 3281 528 3361 σπομγίζει
548 3283 593 3363 τῷ
612 3273 780 3356 καλύμματι
798 3273 831 3341 τά
842 3272 931 3357 άμιον
946 3274 1106 3359 ποτήριον,
1129 3295 1155 3339 et
1174 3298 1244 3364 poet

104 3365 362 3446 participationem
387 3363 483 3442 [sacri
497 3363 664 3444 sanguinis]
682 3361 821 3444 abstergit
845 3360 988 3423 velamine
1006 3378 1141 3423 sanctum
1165 3365 1244 3428 nali-

106 3469 178 3508 cem.
202 3443 370 3529 μετάληψις
383 3447 512 3508 sumitur
526 3450 612 3508 etism
630 3449 666 3508 de
686 3448 879 3530 perceptione
894 3453 951 3510 τοελ
962 3441 1159 3530 Ἀντιλεάρον,
1186 3473 1243 3514 seu
1293 3503 1296 3512 .

103 3535 192 3638 ponis
207 3531 359 3639 {caedisti
397 3529 570 3612 Pachymer.
587 3534 640 3599 lib.
663 3535 697 3595 V.
722 3553 789 3614 cop·
810 3537 839 3598 8.
863 3531 896 3594 ἐν
914 3529 1080 3613 μεταλήψει
1098 3533 1131 3596 δὲ
1150 3540 1241 3600 θείου

104 3619 444 3784 ἴλέῗεῗιάζῗῖῗρῖἔ
461 3615 1241 3785 ll?l;.tlt.tzttll;elttzttttil.”33

103 3789 295 3866 perceptione
317 3809 410 3868 aquae
432 3788 618 3863 benedictae,
639 3785 803 3866 Eucholog.
821 3787 963 3850 Allatian.
989 3783 1112 3851 πάντων
1132 3789 1165 3852 di
1189 3813 1239 3871 με·

102 3871 374 3950 ταλαμβανομὲνοιν
391 3871 443 3936 sat
457 3872 659 3957 άμιαζομὲνων
675 3872 708 3936 is
727 3877 782 3936 rosi
797 3866 998 3954 άγιασμάτιιν.
1044 3871 1116 3930 Cum
1139 3895 1238 3936 omnes

99 3957 311 4034 participarent
331 3977 439 4038 uquam
460 3955 638 4018 benedictam
661 3979 750 4040 eaque
766 3957 1028 4036 sanctificarentur.
1056 3977 1236 4022 osraaaonu.

186 4037 231 4099 Po
253 4079 261 4098 ·
286 4042 384 4115 1115,
414 4047 466 4106 20.
510 4047 593 4105 Πάσι
620 4047 683 4114 τοῖς
704 4039 805 4116 άλλοις
831 4039 946 4122 λόγως,
982 4038 1059 4124 lists>
1091 4037 1236 4123 ἑξήκοντα

101 4112 191 4202 cios]
217 4063 343 4184 &soteris
364 4125 560 4202 orationihus,
583 4149 657 4210 quas
668 4124 737 4207 plus
754 4129 912 4208 sexaginta
931 4127 1057 4207 scripsit.
1101 4129 1234 4198 Palamas

101 4208 249 4268 orationes
277 4209 397 4288 scripsit
417 4212 512 4269 multo
534 4213 635 4291 plnres
658 4231 747 4290 quam
768 4212 929 4290 sexaginta.
971 4213 1097 4273 Exstant
1115 4215 1148 4272 in
1172 4233 1234 4274 uno

100 4291 212 4354 Codice
225 4294 318 4374 Regio
331 4295 370 4377 (is
389 4303 434 4356 est
450 4296 552 4357 Codex
563 4293 671 4383 2404.)
697 4295 842 4360 Homiliee
856 4295 998 4377 variaque
1012 4297 1076 4360 eius
1088 4301 1233 4382 opuscula
