2994 4830
252 277 326 351 676
495 299 506 354 ¹.
557 285 789 355 NICEPHORI
810 281 1069 354 GnEGonaE'
1173 277 1179 300 ⁸

88 464 159 515 aid.
174 458 384 520 6851λοποιεῖν
407 447 594 538 ἐπεφύκεσαν
618 447 730 517 ἀείκαὶ
753 457 1010 536 προτυποῢσθαι,
1038 443 1180 536 καθάπερ
1197 447 1230 512 ίκ
1251 443 1348 533 γειτό-

122 535 213 590 lnd'ss
249 583 310 622 νων
330 561 496 642 παριοῦσαν
515 553 684 641 παρήγοροι
704 551 941 631 πιπτοόσαιςίξ
963 553 1102 636 ἀθυμίας
1123 561 1240 635 ψυχαῖς
1247 599 1257 632 ,
1293 550 1349 627 τὰς

220 665 307 744 Βτῆς
326 658 452 744 ὀρέξεως
472 661 645 745 φαντασίας
670 653 884 742 συλλήπτορας
907 657 1040 740 ἔχουσαι.
1069 655 1147 720 ἀλλά
1168 655 1204 718 τὸ
1219 650 1348 735 μίνπά-

250 787 332 846 σχειν
346 763 379 826 ἐκ
393 764 684 845 διαδοχῆςσννεχώς
700 771 765 836 τοῖς
780 758 986 847 ταλαιπώροις
999 761 1149 825 ἐλέλειπτο
1169 759 1219 821 καί
1233 762 1347 842 παρῆν·

248 865 286 930 τὸ
313 865 346 928 δὲ
367 869 430 930 τῶν
459 845 589 930 ’ἐλπίδων
620 863 782 948 προμηθὲς
815 860 885 926 σκιά
908 889 953 939 τις
971 856 1009 947 ἦν
1022 859 1137 947 ἡδονῆς
1150 862 1200 926 καί
1216 855 1377 934 δικτόοις5

156 1025 160 1034 .
249 967 438 1052 ουναγομένη
463 965 558 1052 πνοή·
594 962 641 1043 οἷς
661 966 697 1032 τὸ
719 965 776 1048 μὲν
797 964 931 1052 διαρρεῖν
952 962 1073 1054 ἀθρόον
1095 963 1191 1028 ένεστι
1211 959 1346 1042 πάντως,
1484 963 1485 968 ’

248 1070 286 1134 τὸ
311 1071 345 1134 δέ
363 1070 461 1152 μίνειν
480 1069 558 1146 ὅλως
578 1069 633 1135 οὐκ
656 1068 761 1136 'dventu
816 1067 888 1156 (Η.)
918 1074 972 1158 Τῷ
993 1065 1124 1154 μὲνγὰρ
1141 1072 1203 1132 τῶν
1216 1069 1349 1148 Περσῶν

247 1169 372 1257 ἡγεμόνι
395 1169 712 1258 περιστρατοπεδεύειν
744 1168 840 1236 ἐδόκει
863 1171 920 1256 τὴν
942 1167 1030 1238 πόλιν
1053 1169 1086 1235 lte
1100 1195 1134 1235 τε
1146 1175 1203 1254 γῆς
1217 1170 1268 1231 καί
1284 1173 1349 1232 θοι-

252 1273 382 1358 λάττης,
410 1277 460 1339 καί
482 1273 555 1340 όλον
576 1275 610 1340 τδ
636 1282 692 1358 τῆς
711 1275 886 1355 πολιορκίας
909 1272 1028 1360 ἐπάγειν
1044 1275 1146 1338 latori
1159 1274 1350 1358 παραχρῆμα

222 1377 371 1461 (λβίαιον,
398 1380 449 1442 καί
473 1377 517 1482 μη
544 1380 657 1462 τρίβειν
678 1374 777 1461 ἡσυχῆ
801 1376 998 1460 καθημένους
1020 1377 1074 1442 τόν
1092 1371 1223 1460 χρόνον,
1252 1371 1350 1459 ἔργοις
1359 1383 1397 1436 10

1484 1499 1485 1558 l

253 1479 322 1544 ίνδν
345 1479 385 1544 τά
411 1485 466 1563 τῆς
487 1477 589 1564 μάχης
611 1481 644 1546 έν
672 1487 786 1568 βραχεῖ
800 1482 959 1566 κρίνεσθαι
984 1477 1025 1545 τά
1050 1505 1090 1544 τε
1108 1479 1188 1544 ἀλλα
1213 1478 1263 1540 καί
1285 1472 1349 1557 μά-

251 1581 344 1647 λισθ’
368 1579 415 1647 ὅτι
435 1585 486 1646 καί
508 1581 671 1666 σύμμαχον
693 1584 850 1663 συνέβαινε
872 1587 911 1668 τῇ
933 1581 1122 1666 ίξωθενῆδη
1137 1583 1277 1665 γίνεσθαι
1290 1603 1349 1643 πο-

251 1686 371 1774 λιορκίρ
392 1687 442 1748 καί
460 1685 517 1768 τὴν
539 1685 664 1750 ἔνδοθεν
683 1685 930 1771 ἀναφλεγομένην
949 1691 1011 1750 τῶν
1035 1681 1204 1770 οἰκητόρων
1229 1679 1348 1747 στάσιν.

252 1793 297 1876 τῷ
320 1789 353 1851 δὲ
377 1791 502 1868 βασιλεῖ
521 1788 610 1852 τοῦτ’
637 1787 759 1871 οὐδαμῆ
782 1784 950 1869 συνεδόκει,
985 1787 1039 1852 τδν
1061 1783 1206 1871 μάρτυρα
1223 1789 1350 1867 τιμῶντι
1484 1855 1485 1876 ρ

249 1886 460 1976 Δημήτριον·’
477 1891 526 1954 καί
548 1890 649 1966 άλλως
673 1889 707 1954 δ’
735 1889 791 1954 οὐκ
814 1887 889 1977 ᾤετο
913 1896 1026 1976 χρῆναι
1048 1895 1104 1973 τῆς
1127 1885 1232 1972 ίσχόος
1253 1885 1397 1954 advorte

222 1991 310 2074 Βτὴν
323 1993 499 2077 περιουσίαν
513 1993 546 2054 lx
559 1999 614 2075 τῆς
629 1998 692 2057 τῶν
710 1992 974 2076 πολιορκουμένων
986 1995 1153 2080 φαίνεσθαι
1167 1997 1350 2076 συμφορᾶς·

252 2093 323 2158 ἀλλ’
350 2090 552 2180 ἀπειρηκότας
573 2095 634 2177 ὀψὲ
653 2095 726 2170 τοδς
747 2095 936 2172 στασιαστὰς
958 2102 1002 2184 τῷ
1022 2120 1055 2161 τε
1075 2099 1155 2183 λιμῷ
1168 2095 1224 2158 καί
1243 2098 1285 2178 τῇ
1296 2099 1353 2176 τῆς

251 2197 429 2283 πολιορκίας
445 2193 561 2282 ἀνάγκη
582 2195 662 2262 καθ’
686 2195 850 2282 ὁμολογίαν
871 2196 1067 2284 παραδώσειν
1081 2204 1164 2289 σφᾶς
1188 2219 1222 2262 τε
1239 2194 1354 2271 αάτοδς

251 2301 301 2382 καί
319 2299 377 2383 τὴν
389 2295 487 2366 πόλιν,
541 2297 615 2388 (Θ.)
638 2300 721 2365 Ἐπεί
736 2301 769 2365 δὲ
782 2302 1048 2390 τριακονθημέρου
1068 2295 1289 2388 παρφχηκότος
1303 2297 1352 2362 έν-

250 2407 358 2466 ταιλθα
372 2397 487 2486 χρόνον
513 2401 553 2466 τὰ
571 2401 649 2466 κατά
669 2399 793 2488 γνώμην
816 2403 874 2469 oria
890 2403 983 2469 εόοδα
998 2403 1127 2491 ἑωρᾶτο,
1156 2403 1214 2486 τὴν
1227 2399 1398 2485 ,eluda-ac

251 2509 308 2587 λην
325 2501 454 2586 δύναμιν
475 2502 584 2590 ἀφίησι
604 2502 780 2571 διαπόντιον
804 2502 999 2594 όβάρβαρος
1017 2507 1121 2572 οἴκαδε
1136 2504 1269 2584 ἀπιέναι,
1297 2501 1353 2568 τόν

251 2603 409 2672 ἀνάπλουν
430 2606 481 2670 διὰ
503 2613 558 2689 τῆς
582 2605 736 2697 Θρηικώας
754 2606 897 2686 κελεάσας
921 2612 1074 2696 παραλίου
1097 2615 1273 2673 ποιεῖσθαι·
1300 2608 1353 2672 δε-

222 2708 327 2784 elada
341 2708 416 2784 ἴσως
431 2707 475 2792 μή
490 2706 550 2774 ποό
568 2735 615 2784 τις
630 2709 673 2774 ἔτι
683 2713 789 2798 χρείας
802 2717 962 2796 προϊοῦσιν
976 2711 1092 2797 ἀνάγκη
1108 2708 1208 2799 τούτῳ
1221 2709 1352 2796 προσγέ-

253 2835 344 2895 νηται
360 2817 464 2900 σφῶν·
492 2809 708 2896 ἑξακισχιλίους
722 2814 758 2879 δ’
775 2811 1000 2899 ἀπολεξάμενος
1009 2813 1125 2898 μόνους
1136 2813 1261 2896 κατέσχε
1277 2811 1350 2899 παρ’

254 2992 356 3047 umpar
373 2975 474 3029 illarum
488 2975 597 3040 visast,
614 2984 645 3029 nt
657 2977 802 3032 istiusmodi
815 2979 941 3048 imagines
960 2977 1074 3032 offerant
1093 2980 1121 3031 et
1138 2980 1299 3046 proponant,
1321 2989 1355 3028 ac

253 3051 374 3128 tanquam
393 3045 576 3098 consolatrices
594 3047 691 3100 labanti
708 3065 740 3101 ex
760 3051 939 3118 desperatione
956 3049 1039 3101 animo
1053 3047 1138 3099 adsint
1154 3047 1187 3098 da
1200 3045 1355 3128 propinquo,
1385 3075 1390 3084 ·

252 3117 387 3234 pp'qcrebur
402 3133 492 3184 nempe
506 3115 539 3167 iis
553 3132 620 3185 quae
632 3117 759 3186 appetitui
768 3117 856 3170 insunt
868 3118 1057 3170 adiuvantibus.
1087 3117 1123 3168 At
1137 3116 1239 3167 interam
1253 3113 1354 3166 miseris

282 3183 288 3196 '
319 3185 346 3236 id
359 3185 567 3252 relinquebatur,
582 3185 611 3236 id
623 3195 772 3254 supererat,
788 3197 918 3240 uteorum
934 3187 1000 3238 mala
1016 3183 1089 3256 qnasi
1106 3201 1153 3254 per
1168 3181 1355 3236 successionem

253 3253 471 3304 continuarentur.
506 3255 574 3320 Spes
589 3261 672 3306 autem
693 3255 754 3307 illae
765 3255 929 3324 providentes
946 3254 1009 3306 nihil
1022 3253 1092 3306 aliud
1106 3261 1189 3316 erant,
1207 3252 1258 3304 nisi
1279 3251 1354 3304 roin-

253 3319 334 3388 ptatis
349 3321 437 3373 umbra
449 3323 573 3390 quaedam
586 3330 615 3372 et
626 3331 718 3375 ventus
733 3329 839 3376 coactus
850 3323 877 3374 in
890 3323 970 3386 retia3
988 3339 1094 3391 quornm
1104 3339 1134 3375 ea
1146 3329 1188 3374 est
1199 3328 1305 3387 natura,
1323 3325 1355 3372 ut

253 3388 482 3509 diffindit
494 3391 600 3510 ολλλῗ
609 3397 812 3512 atrati?
826 3392 1151 3514 ttttdtttiti't
1161 3389 1356 3514 ιόίίιίώῗ

254 3523 337 3587 mari,
355 3541 387 3576 ac
403 3527 464 3576 totia
483 3477 570 3576 όάιάπι
590 3475 699 3578 viribonp
707 3496 891 3610 oppugnationi
910 3529 1034 3592 incumbi,
1057 3545 1105 3584 nec
1124 3529 1177 3580 teri
1196 3476 1296 3596 templus
1318 3525 1355 3578 nil

253 3594 371 3660 agendor
396 3593 473 3661 quia,
490 3593 513 3646 ai
527 3601 667 3662 ageretur,
684 3596 755 3649 brevi
772 3605 873 3666 poterat
887 3597 964 3652 armis
974 3599 1095 3661 decernir
1116 3597 1197 3666 idque
1215 3613 1245 3648 eo
1263 3595 1355 3664 magis,

252 3661 322 3730 qood
340 3661 513 3716 ediutrixiam
531 3669 601 3716 esset
619 3673 741 3718 externae
759 3665 897 3719 obsidionis
913 3683 944 3719 ca
960 3683 1026 3736 quae
1038 3667 1107 3719 intus
1121 3681 1230 3719 accensa
1243 3672 1301 3718 erat
1316 3664 1356 3716 ci-

251 3731 321 3784 viom
334 3731 435 3784 seditio.
470 3731 623 3814 Imperatori
635 3741 719 3786 aotam
735 3734 836 3788 minime
850 3735 876 3788 id
888 3735 1022 3806 placebat,
1039 3736 1178 3804 Martyrem
1197 3734 1289 3787 colent'
1300 3733 1355 3785 De-

250 3799 378 3852 metrium.
412 3800 516 3870 Alioqui
530 3817 592 3853 vero
605 3802 673 3854 haud
688 3805 824 3873 putabato
844 3811 938 3869 ortere,
956 3809 1077 3874 quantum
1092 3803 1184 3856 robore
1197 3809 1354 3872 praecluet,

250 3867 279 3922 in
294 3869 455 3922 obsessorum
468 3869 615 3922 calnrnitate
627 3873 771 3937 ostendere,
786 3891 814 3925 se
843 3873 980 3926 seditiosos
991 3873 1051 3926 iiior
1064 3874 1130 3925 fama
1142 3873 1244 3925 tandem
1255 3877 1283 3924 et
1296 3889 1355 3940 pre·

250 3945 337 3992 mente
354 3937 488 3992 obsidione
512 3939 608 3992 fractos
627 3957 659 3992 ex
682 3949 759 4010 pacto
780 3961 809 3995 se
824 3949 904 4012 atqua
921 3944 1008 3996 orbam
1027 3959 1086 3996 esse
1099 3942 1241 3994 dedituros
1278 3941 1354 4008 (nt)

251 4007 391 4076 Postquam
417 4014 501 4060 antem
519 4008 629 4076 triginta
648 4009 739 4063 diebus
760 4011 814 4063 illic
837 4011 931 4080 elapsis
954 4029 997 4064 res
1015 4027 1047 4063 cx
1070 4011 1199 4064 sententia
1214 4010 1355 4063 succedere

249 4077 318 4130 band
331 4077 492 4140 videbantur,
511 4077 626 4146 reliquas
638 4079 739 4148 quidem
752 4079 822 4132 vires
832 4081 895 4132 mari
908 4080 1040 4150 impositas
1052 4079 1106 4132 dux
1116 4081 1240 4131 barbarus
1254 4079 1354 4131 domum

247 4147 358 4199 remittit
373 4147 512 4216 iubetque,
525 4154 555 4199 ot
565 4163 613 4214 per
626 4147 777 4202 maritimam
790 4149 921 4202 Thraciae
935 4166 1003 4202 oram
1016 4148 1183 4216 renavigant
1200 4148 1308 4210 veritos,
1322 4165 1355 4200 ne

250 4218 409 4336 ppocedente
426 4225 541 4284 tempora
561 4217 648 4286 aliqua
667 4221 809 4272 necessitas
825 4219 998 4283 incumberet,
1016 4218 1132 4286 adeoque
1144 4217 1185 4269 bis
1202 4234 1268 4286 opos
1278 4218 1353 4270 ioret

277 4283 361 4340 electu
373 4293 458 4340 autem
471 4285 574 4353 babilo,
591 4303 637 4341 sex
651 4287 775 4343 duntaxat
790 4287 915 4342 homiuum
927 4287 1004 4342 millia
1018 4303 1097 4360 penes
1118 4303 1147 4340 se
1161 4285 1277 4341 retinuit.
1314 4285 1354 4340 Ea
