2966 4826
258 310 359 385 1222
469 413 471 420 y
626 319 983 394 summotonus,

256 481 339 562 quit,
363 499 451 560 quom
475 499 636 562 procerum
654 480 749 542 fuerit
765 501 837 544 crus
859 481 1024 547 Iustiniani.
1067 483 1107 546 At
1128 505 1185 545 noa
1207 505 1288 566 qnae
1313 487 1408 548 fuerit

258 567 352 646 Gyllii
372 577 484 626 statura
512 567 600 628 hodie
620 568 804 644 ignoramus.
848 569 892 628 Ile
912 569 1022 629 colossi
1039 569 1215 632 Iustinianei
1241 576 1407 648 mensuris,

257 673 333 734 quoe
346 652 427 733 apud
445 653 607 732 Gregoram
627 663 658 712 et
676 653 809 733 Gyllium
830 664 997 730 exstarent,
1020 655 1092 739 quid
1111 657 1170 716 sibi
1186 656 1351 718 videretur
1363 662 1409 719 in-

255 747 424 818 terrogatus
437 738 484 798 vir
496 739 600 798 aetatis
616 747 734 798 nostrae
747 739 935 818 sculptorum
951 741 1039 800 facile
1051 741 1205 822 princeps,
1221 742 1408 804 Franciscua

259 825 386 886 Girardo
401 823 603 900 Tricassinus,
624 824 778 904 respondit
788 870 796 900 ‚
820 825 843 882 si
861 847 912 890 eae
930 847 1019 884 verae
1034 837 1147 904 essent,
1168 827 1289 887 nullam
1306 849 1367 888 nec
1378 831 1409 890 iu

148 952 152 968 .
255 909 377 972 homine
397 929 450 968 neo
473 909 506 968 in
527 931 604 988 equo
627 919 775 969 servatam
799 929 863 968 ease
888 911 1106 990 symmetriam,
1128 931 1180 972 seu
1196 913 1408 975 membrorum

255 995 492 1078 proportionem.
535 995 648 1074 Rogavi
665 1016 701 1054 ne
721 1005 898 1074 gravaretur
916 997 1088 1056 seutentiam
1110 1017 1193 1057 suom
1215 998 1342 1078 scripto
1358 1003 1408 1060 de-

180 1115 182 1119 ·
257 1083 387 1143 claram:
410 1101 521 1160 cupere
535 1082 624 1140 etiam
639 1080 704 1140 dixi
720 1100 784 1156 me,
806 1079 870 1139 dari
889 1077 964 1139 1111111
980 1081 1016 1140 ab
1032 1101 1068 1140 eo
1083 1101 1238 1142 mensurus
1255 1087 1408 1163 equestris

183 1173 185 1180 '
257 1177 372 1228 statuae
393 1165 424 1224 in
446 1167 544 1248 platea
558 1165 706 1226 Ludovici
728 1167 825 1242 Magni
846 1167 1006 1226 Parisiensi
1027 1177 1158 1243 erectae5
1184 1167 1271 1227 illius
1288 1171 1409 1230 scilicet

257 1263 371 1314 statuae
396 1252 573 1328 colosseum.
586 1271 673 1332 quam
693 1253 821 1310 Girardo
839 1251 905 1330 ipse
920 1253 1007 1310 unica
1028 1255 1104 1311 aeris
1125 1254 1230 1312 fusuro
1251 1253 1410 1334 duplicem

258 1337 391 1424 (homine
407 1339 483 1397 enim
500 1347 530 1398 et
547 1359 624 1416 equo
650 1337 739 1396 simul
761 1336 873 1396 iunctis
893 1337 1021 1398 solidum
1051 1338 1245 1398 simulacrum
1267 1341 1408 1422 consui)

258 1424 400 1503 singulari
422 1433 486 1483 arte
510 1431 540 1482 et
564 1424 639 1482 miro
666 1441 806 1481 successu
832 1433 901 1482 ante
931 1423 1049 1502 aliquot
1076 1443 1168 1482 annos
1195 1423 1408 1486 conflavisset.

256 1511 311 1570 llle
328 1529 388 1568 non
405 1507 494 1568 huius
512 1509 625 1583 solum,
648 1508 700 1566 sed
721 1517 750 1567 et
765 1507 891 1566 aliarum
908 1519 1040 1586 quatuor
1051 1507 1331 1588 pulcherrimarum
1348 1533 1410 1571 ma·

258 1596 428 1676 gnitudines
448 1593 522 1652 mihi
541 1613 594 1652 sua
613 1613 703 1652 uranu
720 1591 886 1672 descriptae
899 1593 994 1654 dedit.
1039 1593 1137 1654 Verba
1153 1593 1279 1654 artificis
1296 1597 1409 1658 summi

259 1681 417 1762 quominus
435 1688 579 1739 mutarem
594 1679 699 1756 religIo
714 1677 786 1738 milri
803 1679 871 1736 suit.
914 1679 959 1736 En
975 1678 1040 1756 ipse
1058 1699 1097 1738 ex
1111 1677 1317 1760 autographo.
1350 1681 1410 1742 La

257 1787 382 1827 meeum
396 1761 432 1825 de
447 1763 479 1826 Io
493 1777 588 1824 statue
600 1779 726 1846 equestre
737 1759 773 1821 de
786 1759 955 1842 I'empereur
970 1759 1113 1823 Iustinieu
1130 1766 1212 1824 n’ont
1228 1762 1288 1824 rruI
1303 1782 1409 1848 roport

259 1850 301 1913 les
315 1873 384 1911 unes
403 1871 474 1910 aueo
497 1846 539 1908 les
559 1863 671 1924 autres,
705 1850 822 1908 minorat
840 1845 882 1906 leo
896 1849 1086 1929 proportione
1107 1845 1148 1908 du
1164 1871 1254 1930 corpe
1273 1847 1409 1910 tamam

258 1933 291 1996 Il
303 1957 337 1995 en
358 1951 399 1994 est
417 1932 453 1994 de
467 1955 572 1992 meante
587 1931 624 1991 de
636 1956 689 1993 son
703 1929 813 1992 etevat.
846 1931 895 1990 Lo
913 1933 1010 2012 figure
1022 1947 1149 2015 equestre
1169 1931 1210 1992 du
1226 1939 1300 2014 roy',
1322 1934 1410 2014 poesie

259 2019 335 2080 dona
350 2017 380 2078 lu
396 2017 485 2100 ploce
501 2015 537 2076 de
553 2017 649 2076 Loui'r
667 2015 694 2076 Ie
712 2013 832 2088 Graeci,
854 2039 874 2076 o
887 2013 924 2074 de
939 2015 1062 2076 hauteur
1076 2017 1155 2078 XX.
1173 2015 1279 2099 pierio,
1305 2019 1410 2101 depuis

259 2103 291 2166 lo
313 2119 382 2162 teate
401 2105 521 2183 jueques
543 2123 611 2160 eous
637 2098 679 2160 les
703 2097 788 2182 piccio
809 2098 849 2160 du
875 2097 984 2160 etevat.
1016 2099 1066 2160 Lo
1084 2104 1181 2182 figure
1204 2100 1247 2162 du
1265 2125 1324 2186 roy
1339 2128 1360 2162 a
1374 2103 1409 2163 de

256 2183 662 2352 ttttzftlliltlj‘t
679 2182 1107 2351 litl'‘.t.⁸l⁰.‘'¹..‘}‘l⁰;t;.d.“
1122 2185 1287 2351 diffudi.
1302 2189 1409 2334 {litt

259 2353 296 2414 de
308 2351 341 2414 Io
353 2369 423 2414 teste
431 2357 551 2436 jusques
566 2376 635 2412 sous
650 2351 691 2412 Ier
702 2351 787 2434 pieds
804 2351 845 2412 du
860 2351 971 2414 chalal.
1003 2353 1068 2414 Elte
1089 2315 1129 2414 eit
1142 2353 1271 2441 fondere
1285 2357 1408 2438 separe'·

258 2454 337 2500 ment
353 2437 393 2498 du
406 2436 515 2501 oheuol.
556 2435 607 2498 Cet
621 2461 748 2520 ouvrage
765 2461 782 2496 o
799 2436 842 2498 έιέ
852 2437 922 2522 fuit
939 2437 1112 2500 dFIorence
1123 2463 1181 2522 por
1195 2437 1275 2502 Jeun
1292 2441 1335 2502 de
1350 2443 1408 2504 Bo·

259 2524 354 2605 Iogne.
397 2525 444 2582 Le
461 2519 620 2605 piedestol,
643 2535 670 2582 et
693 2547 737 2582 see
761 2537 922 2582 ornements
943 2521 979 2582 de
997 2523 1118 2600 bronze,
1146 2539 1198 2584 out
1217 2524 1265 2586 e⁴to¹
1277 2527 1408 2610 fire'tsd

260 2611 360 2686 Poris.
401 2608 462 2670 Lea
475 2606 603 2669 eoolooes
625 2623 692 2668 sont
712 2606 749 2666 de
764 2605 971 2688 Frouqueut'lle
989 2605 1024 2666 de
1040 2605 1201 2691 Combroy,
1213 2607 1305 2694 suits
1322 2635 1408 2680 auser

259 2696 281 2756 d
293 2695 389 2756 Poris.
432 2695 483 2752 Lo
495 2695 592 2775 figure
609 2690 647 2752 de
659 2692 757 2754 Louu
772 2689 868 2752 XIII.
887 2689 963 2751 dona
979 2689 1011 2752 Io
1025 2691 1114 2774 ploce
1129 2691 1261 2776 Royolle
1273 2717 1295 2754 o
1307 2696 1407 2758 XIV.

257 2777 342 2865 piedr
357 2805 397 2840 un
440 2775 539 2856 ouloe,
560 2775 661 2859 depuis
676 2775 703 2837 le
721 2775 820 2838 desaue
834 2773 869 2834 de
890 2773 921 2836 lo
943 2790 1012 2836 teste
1026 2781 1147 2860 jusquee
1163 2799 1234 2838 eous
1256 2777 1303 2840 lee
1322 2779 1409 2863 ps'eds

260 2865 302 2927 du
320 2801 438 2926 eumad
472 2862 634 2943 Lefigure
655 2859 696 2920 du
715 2883 765 2940 νογ
783 2883 803 2919 o
819 2859 877 2920 ‹ttae
896 2858 982 2942 pleds
999 2863 1068 2942 oinq
1085 2861 1206 2942 poulcee
1220 2861 1259 2924 de
1277 2888 1408 2948 propor-

259 2954 341 3025 tion3
364 2963 390 3007 et
404 2971 424 3007 n
442 2945 485 3008 ut
496 2946 594 3032 fuiue
610 2945 733 3008 dPorie
751 2967 809 3026 pur
827 2943 926 3004 Biord
948 2943 1091 3006 Porisieu.
1132 2945 1178 3006 Le
1199 2946 1309 3009 odeuol
1329 2975 1352 3008 a
1369 2949 1410 3012 e'te'

256 3037 321 3126 fnit
340 3033 360 3093 d
377 3030 474 3092 Rome
490 3055 548 3113 por
568 3028 679 3091 Daniel
697 3029 733 3090 de
755 3029 791 3088 V
787 3027 897 3090 ulterre.
941 3027 986 3088 Le
1004 3029 1098 3091 More
1120 3029 1274 3092 Aureled
1295 3031 1407 3111 Rome,

249 3125 352 3208 figure
373 3119 508 3200 antique„
529 3138 549 3174 o
564 3113 660 3174 XIII.
678 3113 764 3196 pleds
784 3111 820 3174 de
842 3113 978 3189 hauteur,
1002 3117 1129 3196 compris
1148 3113 1176 3176 le
1199 3115 1318 3178 ctlearol.
1365 3121 1409 3182 Le

258 3200 405 3290 piedeetol
426 3215 467 3262 est
494 3199 530 3260 de
552 3195 665 3262 Miolse'l
682 3200 780 3281 Ange·
826 3197 987 3278 Lufigure
1008 3215 1135 3281 equestre
1155 3197 1196 3260 du
1219 3224 1274 3279 roy
1291 3203 1408 3289 (sirim

258 3313 316 3373 por
331 3291 374 3350 M.
392 3279 577 3368 Girrei-don),
597 3281 683 3365 pose'e
700 3282 775 3345 dous
789 3281 816 3344 le
836 3281 983 3342 Cdosteou
998 3281 1034 3342 de
1052 3281 1187 3364 Bouflere
1201 3309 1237 3348 en
1252 3285 1407 3352 Beouuoe'-

260 3377 317 3448 εἰς,
339 3395 358 3432 a
379 3369 438 3432 dte.-
456 3369 541 3451 piede
558 3367 595 3428 de
617 3368 756 3445 hauteur,
779 3367 880 3444 depuis
899 3363 928 3425 Ie
947 3365 1047 3428 deseos
1068 3365 1104 3428 de
1121 3367 1153 3430 ln
1173 3385 1260 3441 teste,
1279 3376 1407 3458 jusques

260 3479 330 3519 sous
346 3453 387 3515 lea
407 3453 492 3537 pleds
508 3453 549 3514 du
569 3451 681 3516 elevet.
724 3452 887 3536 Lofigure
904 3447 945 3511 du
964 3473 1013 3530 roy
1035 3455 1134 3512 euroe't
1157 3453 1222 3514 Ituit
1238 3456 1350 3535 piede,
1380 3463 1406 3520 si

261 3539 317 3602 etta
336 3544 419 3600 estoit
444 3538 561 3603 debout.
603 3537 685 3597 Haec
708 3539 853 3613 Girardo,
883 3537 969 3596 cuius
988 3538 1137 3598 colossum
1165 3541 1301 3618 regium,
1335 3565 1404 3604 cnm

259 3625 440 3688 Iustinianeo
459 3623 689 3701 eonferendum,
711 3633 741 3683 et
757 3621 805 3682 his
819 3641 892 3702 quas
907 3623 1012 3682 damus
1025 3623 1106 3682 notis
1123 3636 1300 3686 ornamento
1316 3629 1405 3689 Iutu-

261 3731 345 3786 rum,
369 3709 472 3790 optari
490 3709 653 3789 aliquando
672 3709 734 3768 aeri
750 3709 878 3768 incisum
899 3707 1022 3768 habere:
1046 3708 1154 3768 deinde
1176 3712 1342 3774 consilium
1363 3717 1403 3774 il·

260 3798 314 3858 lud
329 3795 440 3869 abieci,
462 3815 496 3853 ea
507 3797 681 3873 praesertIm
697 3795 827 3870 ratione,
850 3793 933 3872 quod
948 3813 1049 3854 rerum
1064 3793 1333 3858 dissimillitnarum
1349 3801 1405 3859 vix
1467 3839 1468 3846 .

261 3883 323 3944 ulla
336 3889 436 3962 posset
451 3879 565 3939 institui
584 3879 779 3956 comparatio.
820 3898 937 3938 eorvis.
1467 3935 1468 3940 ,

346 3971 419 4048 Pug·
441 3969 521 4041 277,
546 3970 595 4029 17.
624 3957 856 4038 'Idcdiaoo’rudu
873 3961 954 4041 ἔτος]
977 3959 1064 4022 Anno
1088 3967 1178 4030 1318.
1220 3984 1359 4031 nucero.

315 4079 318 4087 ·
347 4057 418 4133 Pug.
442 4053 519 4126 217,
543 4055 592 4116 18.
627 4043 768 4130 Εἰρήνην
791 4045 847 4129 τήν
865 4047 897 4124 ἐξ
917 4041 1107 4127 Ἄλαμανῶν]
1137 4047 1229 4110 llucis
1245 4052 1403 4114 neumai-

242 4135 245 4145 ‘
262 4138 358 4199 oensis
373 4137 473 4198 filiam.
497 4135 572 4196 Vide
588 4144 710 4195 stamina
725 4133 892 4212 Palaeolog.
906 4153 938 4214 p·
950 4137 1023 4198 238.
1062 4153 1195 4194 1111111111.

348 4227 421 4304 Peg.
443 4226 523 4296 277.
545 4225 597 4288 21.
637 4213 772 4297 Ἐδέξατο
793 4217 880 4302 βίου]
911 4217 988 4280 Vide
1010 4217 1265 4282 1111111111).1ἸΠ.
1290 4225 1402 4305 cepl.

261 4316 335 4369 sect.
350 4310 383 4372 3.
423 4325 539 4368 11011111.
