3120 4840
382 341 615 424 HISTORIAE
635 349 912 423 BYZANTINAE
932 349 1050 424 xvsu.
1062 359 1092 427 5.
1204 347 1277 421 891

185 523 274 607 σμῶν
289 513 503 608 ξυνεδράηκεν,
530 513 581 584 οἷα
594 513 675 584 κατά
689 521 751 584 τῶν
762 517 961 604 θερμστίρων
975 522 1086 602 ψυχῶν
1100 517 1139 584 τά
1157 524 1212 604 τῆς
1226 519 1276 584 ἐκ·
1292 535 1320 586 Α.
1330 535 1358 586 c.
1371 531 1435 592 1851

185 623 315 706 πλησίας
338 623 429 688 τίκτει
450 617 597 706 ναυάγια,
626 619 678 686 άεε
699 615 863 708 φάρμακον
884 621 917 697 ἐξ
932 619 1107 703 ἀνθρώπων
1114 669 1125 701 ,
1152 603 1437 726 ταχεῖανῐωῐίιίᾶἒψ

185 725 244 809 cdv
262 722 348 790 λάσιν
377 721 651 810 ἐπαγγελλόμενον,
676 719 787 806 ἥκιστα
807 723 965 811 δυναμίνρι
992 727 1097 806 λαβεῖν
1120 725 1167 789 ἐπὶ
1190 731 1305 792 νοῦκῦ

188 823 263 892 ὅθεν
280 822 373 910 ὁμόσε
391 835 504 912 χωρεῖν
527 827 558 902 ἐς
574 826 629 892 τὸν
653 823 697 890 δι’
719 822 881 909 ἀθλήσεως
901 824 1016 911 ἐγνωκα
1036 823 1193 908 θάνατον,
1222 835 1279 913 τῆς

164 935 183 990 6
188 933 244 994 τοῦ
263 936 372 1016 καιροῦ
385 925 590 1016 περιστάσεως
603 931 645 1004 εἷς
655 926 745 993 τοῦτ’
765 924 896 1014 ἀνάγκης
911 923 993 1012 ἡμᾶς
1006 927 1277 1016 περιελαουοάσης·

181 1034 235 1096 ’ίνα
259 1035 309 1097 καί
332 1034 455 1107 πλείους
476 1027 664 1118 ῦπάρχοντες
690 1031 804 1116 ἕτεροι,
832 1027 879 1106 οἷς
903 1030 1025 1118 μακρὸν
1053 1036 1104 1096 καὶ
1128 1029 1277 1122 διάπυρον

185 1135 275 1218 ζῆλον
290 1135 321 1199 ἐν
337 1131 516 1218 σπλάγχνων
532 1129 778 1221 κυοφοροάμεκον
792 1132 836 1198 ἐτι
848 1139 937 1223 μυχῷ
950 1129 1204 1220 περιθάλπουσιν,
1223 1137 1278 1204 οῦ-

184 1263 235 1303 πω
257 1235 363 1322 καιρὸν
386 1237 463 1322 πρὸς
481 1237 621 1314 ἐπίδειξιν
641 1237 785 1322 ἐξεγίνετυ
805 1243 913 1320 σχοῦσι
933 1235 1208 1324 παρρησιάσασθαι
1221 1242 1278 1326 τὴν

186 1335 355 1424 ἀλήθειαν,
383 1347 439 1404 νῦν
460 1347 534 1425 γοῦν
549 1337 649 1426 ῶσπερ
670 1341 803 1427 ἐμφανεῖ
813 1342 863 1404 καί
884 1343 1023 1430 δημοσίῳ
1037 1339 1103 1422 ἐμοὶ
1120 1341 1312 1428 χρησάμε-Ι)

145 1451 233 1508 1ονοι
248 1423 495 1528 παραδείγματι,
517 1441 594 1529 πρὸς
609 1442 677 1508 ίσον
698 1444 748 1506 καὶ
763 1441 851 1507 αὐτοὶ
867 1449 924 1528 τῆς
944 1441 1097 1524 εὐσεβείας
1117 1453 1200 1532 σφᾶς
1222 1447 1281 1513 αὐ-

185 1543 260 1620 τοῦς
277 1543 499 1632 ἐπιρῥῶσαντες
512 1541 801 1632 σταδιοδρομήσωσι
824 1547 958 1612 δίαυλον.
986 1543 1044 1612 utin
1060 1545 1099 1630 δὴ
1112 1551 1280 1635 προοιμίων

186 1647 313 1730 λοιπδν,
340 1653 403 1740 τῶν
421 1647 510 1729 ἱερῶν
530 1649 581 1713 καλ
600 1651 776 1731 μοναδικῶν
799 1647 921 1734 ἀνδρῶν
943 1649 994 1713 καὶ
1015 1644 1161 1732 συνήθων
1175 1649 1279 1734 Ιμετα-

186 1747 404 1836 πεμψάμενος,
433 1751 469 1818 τὸ
485 1751 606 1834 σκέμμα
621 1747 723 1840 τούτῳ
738 1755 914 1833 κοινοῦμαι·
940 1753 992 1816 καί
1008 1747 1072 1833 ἅμα
1087 1751 1142 1838 τήν
1157 1779 1188 1820 τε
1206 1780 1280 1820 στο-

187 1853 244 1938 λὴν
256 1850 311 1918 ὕπ’
329 1853 426 1920 αὐτοῦ
443 1855 521 1940 πρὸς
534 1855 569 1922 cd
585 1853 753 1938 μοναδικδν
767 1855 818 1918 καί
835 1852 940 1934 αδτδς,
964 1849 1007 1928 ῶς
1023 1853 1113 1920 εἴωθε
1130 1858 1279 1942 γίνεσθαι,

146 1963 180 2019 15
188 1957 264 2032 τίως
279 1955 398 2042 ἥμειψο
413 1965 536 2042 σχῆμα·
562 1959 613 2022 καί
628 1963 684 2022 τοῦ
699 1962 807 2022 λοιποῦ
821 1981 853 2041 γε
874 1953 1108 2042 ἐπηγγειλάμην,
1134 1957 1173 2044 ἢν
1192 1960 1238 2046 μὴ
1259 1957 1308 2027 tu

186 2057 295 2144 παρῶν
308 2056 391 2143 ἡμᾶς
405 2057 545 2147 ἀπαγάγῃ
562 2067 618 2125 τοῦ
633 2061 704 2140 βίου
723 2057 847 2145 καιρὸς,
870 2061 921 2125 καί
935 2059 991 2144 τὴν
1006 2061 1126 2127 δίαιταν
1146 2057 1187 2138 ῶς
1202 2062 1282 2138 elude

186 2167 368 2245 μεταθεῖναι
377 2212 387 2242 ,
416 2165 473 2247 τὴν
493 2171 555 2229 τῶν
574 2161 737 2246 βασιλείων
750 2161 887 2244 ματαίαν
908 2159 1070 2251 διατριβήν
1092 2188 1125 2229 τε
1142 2163 1209 2247 ἅμα
1231 2167 1282 2232 καὶ

188 2263 363 2352 παρρησίαν
376 2261 546 2355 ὁλοσχερῶς
559 2263 825 2350 άποτιναξάμενον.
842 2267 1005 2332 καὶταῦτα
1017 2267 1074 2351 μέν
1088 2266 1119 2343 ἐς
1134 2266 1204 2335 τάδε
1218 2271 1282 2335 ἐκε-

184 2364 327 2455 χωρήκει.

145 2483 183 2539 20
265 2467 297 2537 e‘.
317 2469 404 2558 ’Άρτι
427 2471 462 2536 δὲ
481 2473 532 2536 καὶ
553 2475 610 2556 τῆς
629 2465 746 2557 ἢμίρας
766 2471 978 2556 ἐνεστηκυίας,
1006 2471 1039 2538 ἓν
1067 2461 1089 2558 ᾖ
1110 2471 1188 2560 πρδς
1209 2473 1283 2551 τοῦς
1293 2475 1326 2526 Ρ·
1342 2476 1394 2533 561

187 2567 264 2660 ῦπέρ
285 2573 438 2655 εὐσεβείας
453 2573 572 2660 ἀγῶνας
586 2575 676 2661 ἐχρῆν
689 2569 772 2658 ἡμᾶς
780 2579 930 2660 καθαρῶς
942 2571 1147 2654 άποδάεσθαι,
1164 2582 1283 2662 πρωίας
1296 2543 1329 2599 v·
1343 2541 1396 2600 ⁴⁵4

188 2672 233 2740 ἔτι
256 2675 366 2761 οῦσης,
397 2679 468 2764 πρὶν
497 2675 554 2752 τάς
568 2683 630 2740 τῶν
650 2671 784 2758 ἡλιακῶν
801 2679 843 2751 εἰς
855 2683 911 2760 γῆν
930 2669 1097 2760 ἐκχυθῆναι
1111 2675 1283 2760 λαμπάδων

189 2777 300 2864 άῦγάς,
326 2779 436 2864 μικρὸν
451 2785 508 2844 τοῦ
530 2779 686 2861 δωματίου
708 2773 881 2863 προκάψας,
899 2774 962 2866 δρῶ
982 2779 1063 2843 κατὰ
1079 2785 1202 2864 πλῆθος
1219 2778 1284 2848 ἐάν-

189 2905 246 2957 τας
261 2877 335 2966 ἡμῖν
350 2881 466 2968 ἄνδρας
478 2879 628 2966 λογάδας,
656 2881 707 2946 καὶ
721 2878 840 2946 τούτων
854 2881 928 2958 τοῦς
946 2883 1068 2960 πλείους
1083 2880 1207 2968 ἀσκήσει
1222 2911 1285 2968 μο-

146 2987 300 3071 mactans]
321 2981 571 3067 διαλάμποντας·
597 2983 631 3048 oi'
657 2989 719 3048 τῶν
746 2985 863 3050 οἰκείων
889 2985 922 3050 ἐκ
946 2989 1062 3051 πολλοῦ
1087 2983 1311 3070 διωχδίντες,Β

188 3129 226 3184 tie
246 3127 382 3196 naufragia
399 3125 523 3182 eccleciae
538 3127 621 3181 eolent
634 3127 764 3180 inducere.
799 3127 907 3183 Nullum
925 3127 1021 3198 quippe
1035 3128 1068 3182 eb
1087 3129 1229 3184 hominibus
1241 3149 1285 3186 re-

189 3197 301 3252 medium
319 3197 401 3250 eninm
422 3215 478 3250 meo
500 3197 665 3262 occurrebat,
683 3197 751 3265 quod
768 3195 858 3250 oaiutie
873 3197 1049 3267 expediendae
1061 3199 1129 3252 viam
1143 3199 1203 3252 mihi
1217 3200 1286 3254 cele·

189 3285 244 3321 rem
264 3268 412 3336 sponderet.
447 3265 557 3320 Decrevi
572 3267 662 3334 itaque
677 3275 768 3318 memet
779 3265 853 3318 morti
865 3283 911 3335 pro
930 3266 1055 3336 religione
1068 3267 1230 3322 defendendo
1243 3271 1285 3322 of-

190 3338 276 3400 ferre,
294 3335 353 3404 ipen
371 3341 509 3404 temporum
524 3333 670 3388 conditione
685 3334 712 3386 in
731 3351 775 3387 eae
789 3353 828 3386 me
841 3335 972 3405 anguetiee
985 3337 1167 3405 compellente:
1185 3347 1213 3390 ut
1226 3353 1284 3392 cum

190 3403 235 3458 alii
257 3411 393 3476 praeterea
412 3407 556 3474 complures
577 3410 678 3468 eruent,
698 3403 790 3472 quibua
803 3421 918 3472 magnum
933 3411 961 3458 et
978 3405 1108 3459 ardentem
1123 3407 1205 3460 celum
1221 3407 1285 3460 inti·

191 3491 231 3527 mo
244 3475 322 3526 corde
335 3481 486 3543 conceptum
500 3474 647 3526 foventibus
665 3472 774 3526 nondum
789 3490 818 3524 ιο
835 3473 934 3528 occasio
951 3473 1087 3528 obtuli'eeet
1101 3475 1243 3546 prodeundi
1256 3475 1285 3529 iu

191 3543 271 3596 iucem
289 3549 316 3596 et
340 3543 500 3612 profitendae
521 3543 604 3613 palem
625 3541 759 3604 veritatis,
784 3541 804 3594 ii
827 3559 894 3594 nunc
913 3542 1003 3596 saltem
1023 3544 1103 3598 veluti
1121 3545 1285 3614 conspicuum

191 3611 370 3682 publicumque
381 3613 523 3682 exemplum
535 3629 575 3664 me
587 3612 716 3666 intuentes
733 3627 762 3663 ee
776 3611 847 3680 ipeoe
863 3611 1058 3675 confirmarent,
1075 3621 1102 3666 et
1115 3613 1142 3666 in
1156 3614 1222 3667 idem
1236 3632 1285 3668 ve-

190 3698 237 3736 rae
257 3680 331 3734 Fidei
350 3681 505 3734 curriculum
526 3680 578 3750 ipei
598 3697 699 3749 quoque
717 3679 910 3734 descenderent.
945 3685 983 3734 Ao
1004 3681 1078 3734 initio
1097 3682 1183 3736 etatim
1201 3683 1285 3736 virum

191 3749 330 3819 quendem,
347 3750 509 3803 sacerdotem
527 3757 554 3802 et
573 3749 733 3818 reiigioeum‚
755 3748 912 3818 eundemque
924 3749 1044 3813 amicum,
1063 3767 1182 3815 arcemo3
1201 3767 1285 3804 meum

191 3835 248 3871 cum
260 3835 291 3870 eo
303 3819 434 3872 concilium
443 3818 611 3872 communico:
624 3819 849 3886 eimuiqueveetem
860 3824 938 3882 muto,
950 3825 977 3871 et
989 3818 1101 3872 hobitum
1111 3819 1285 3883 monosticum,

192 3895 223 3939 ut
241 3887 318 3938 morie
338 3894 393 3951 eet,
411 3889 443 3940 eb
459 3905 490 3940 eo
508 3887 623 3970 accipior
641 3887 815 3956 profiteorque
833 3903 873 3938 me
888 3887 915 3939 in
929 3895 1072 3955 posterum,
1089 3887 1140 3941 niti
1154 3887 1286 3956 heeeipee

192 3953 294 4008 occatio
306 3969 340 4006 ex
352 3957 401 4009 hac
414 3957 468 4010 rita
480 3974 520 4008 me
533 3966 672 4018 eximeret,
690 3955 768 4008 etiam
781 3961 877 4008 mutato
889 3955 993 4010 vivendi
1015 3973 1108 4025 genere
1127 3957 1224 4009 inanem
1239 3971 1287 4008 au-

192 4024 234 4076 lae
253 4023 483 4092 frequentationem
500 4031 529 4079 et
549 4025 677 4078 licentiam
698 4023 799 4078 omnino
821 4023 1007 4079 abdicaturum.
1048 4025 1084 4077 Et
1100 4027 1164 4079 haee
1183 4024 1285 4094 quidem

191 4091 407 4215 h‘mii'iimddemt
424 4161 495 4226 dice,
518 4179 569 4231 que
586 4180 633 4215 noa
647 4161 783 4230 oportebat
798 4159 865 4214 inire
884 4168 999 4232 apertam
1014 4168 1142 4214 certamen
1164 4175 1212 4228 pro
1231 4155 1285 4212 tide

192 4229 345 4284 orthodoxe.
387 4229 464 4284 Mane
480 4229 536 4282 eine
551 4231 618 4295 diei,
636 4241 771 4300 antequam
785 4239 857 4282 terra
877 4232 940 4285 eolis
952 4230 1011 4284 luce
1028 4228 1284 4291 circumfunderetur,

193 4299 279 4380 capite
295 4297 494 4380 extrooeilulem
511 4301 637 4368 paulutum
651 4307 764 4380 exserto,
780 4297 857 4382 video
873 4301 907 4381 ed
921 4317 962 4382 me
981 4301 1128 4380 frequentet
1146 4295 1285 4379 adventare

194 4382 263 4421 uoce
283 4367 453 4433 lootummoe,
469 4369 604 4440 pleraeque
619 4375 775 4422 monasticae
793 4375 864 4422 votae
879 4367 1013 4439 dreupiina
1028 4367 1157 4433 diuatrm5
1174 4383 1218 4440 qur
1230 4381 1285 4420 ιαιι
