2966 4826
464 333 814 406 ANNOTATIONES.
1113 327 1209 401 1281

78 490 173 552 meix
192 511 207 550 s
223 489 390 572 patriarcha
411 491 535 554 alienata
552 493 609 568 sit,
630 491 767 575 pluribus
785 491 909 576 exponit
925 493 1082 558 Centscuz.
1095 493 1148 555 lib.
1159 494 1211 556 111.

80 595 145 656 cap.
162 581 212 642 98.
255 597 382 639 uocare.

165 664 236 744 Peg.
257 666 335 738 768,
356 667 386 728 3.
428 657 488 724 Asci
503 657 560 742 miv
573 665 631 726 rosi
642 654 735 742 τόμον
750 655 938 742 κατάλυσιν]
952 659 994 720 De
1015 682 1074 742 quo
1091 661 1211 743 quidem

78 743 188 822 Tamo,
211 757 240 805 et
260 745 381 824 Synodo
398 747 741 828 Constantinopolitano,
764 755 794 806 et
816 745 1020 806 controversia
1040 748 1119 806 inter
1140 749 1213 810 Bar.

76 829 203 888 lanarum
220 840 250 890 et
265 831 443 910 Gregorium
459 833 622 910 Palamam,
645 833 710 892 lusa
732 831 792 911 egit
809 833 1003 892 Canteouzeu.
1024 831 1076 893 lib.
1091 832 1132 896 11.
1147 854 1211 915 cap.

77 919 128 980 39.
143 921 193 982 40.
205 916 257 976 ubi
274 916 473 978 consulendus
489 918 656 980 Gretserus.
698 937 830 979 uuanno.

163 1004 234 1082 Peg.
256 1005 334 1077 768,
357 1001 388 1068 4.
429 996 511 1064 'Ensl
544 996 574 1064 δ’
599 1003 698 1084 ἔτυχεν
721 1046 864 1064 .......
885 999 1006 1081 δέσμιον
1037 1000 1070 1064 ἐκ
1097 1005 1213 1066 πολλοῦ

76 1081 240 1163 κατέχουσα
260 1082 309 1145 τὸν
326 1087 494 1167 Παλαμοῖν]
517 1085 641 1147 Exstant
662 1089 693 1148 in
710 1087 819 1147 Codice
834 1087 925 1164 Regio
946 1087 1039 1153 2409,
1061 1107 1130 1147 cum
1154 1088 1211 1147 alia

75 1169 169 1228 multu
191 1170 327 1230 Palamae
349 1171 460 1251 scriptu
478 1171 659 1250 theologica,
689 1183 753 1232 tum
773 1172 916 1252 epistolae
938 1171 1052 1251 aliquot
1073 1173 1211 1252 apologe-

75 1255 169 1330 ticae,
190 1254 222 1312 in
239 1255 346 1333 quibus
361 1257 494 1318 Palamus
510 1255 587 1318 hane
600 1259 679 1318 vitae
693 1279 763 1318 suae
781 1265 894 1338 partem
910 1257 975 1316 fuse
989 1267 1116 1316 enarrat.
1138 1257 1212 1316 lnde

75 1358 149 1414 nos,
171 1359 246 1418 quae
264 1339 303 1398 sd
321 1339 547 1416 chronologiam
568 1343 774 1423 pertinebant,
803 1343 911 1401 selecta
936 1343 1081 1420 quaedam
1108 1363 1212 1402 exuer-

75 1423 200 1504 psimus.
244 1425 319 1484 Sunt
343 1438 440 1488 autem
463 1427 544 1488 liaeo.
588 1427 720 1488 Palamss
746 1427 846 1507 coepit
866 1433 1022 1505 suspectus
1044 1448 1108 1487 esse
1131 1428 1212 1488 circa

74 1507 161 1568 initia
180 1507 251 1568 belli
273 1510 370 1580 civilis
383 1511 416 1574 A.
431 1511 460 1572 C.
474 1511 668 1572 Mcccxtlt.
682 1513 753 1574 eod.
769 1513 837 1592 lleg.
851 1511 904 1572 iol.
917 1515 990 1578 296.
1004 1531 1035 1570 V·
1059 1513 1136 1592 Περί
1151 1535 1211 1574 που

73 1589 1212 1756 tltitt'tlttl'titt'b‘ttlittbittitlt‘tltlitztttt

74 1781 143 1822 eum
160 1763 215 1822 sibi
237 1773 266 1824 et
286 1701 434 1842 Autrirstas
458 1704 539 1842 esbel?
558 1706 692 1847 petitquis
711 1767 748 1826 ab
771 1788 822 1843 eo,
845 1701 993 1826 utgsecum
1009 1726 1049 1826 'ed
1069 1702 1148 1824 hino
1161 1775 1211 1824 ve.

72 1847 147 1918 niet,
170 1847 311 1910 delendae
320 1850 383 1908 eius
391 1851 568 1930 suspicionis
576 1871 675 1928 cause,
691 1853 822 1919 fol.295.
830 1871 860 1910 v.
869 1851 923 1912 lin.
934 1850 987 1913 ult.
1016 1849 1047 1910 ln
1056 1849 1211 1910 Dominica

71 1931 240 1993 Palmarum
260 1935 387 2013 appellit
407 1937 584 2014 Byzantium
604 1935 623 2000 ὅ
640 1941 778 2018 Προῖτος,
801 1937 833 1996 id
856 1947 909 2012 est,
933 1937 1048 1998 Primus
1064 1945 1211 1994 monaste-

70 2017 188 2077 riorum
202 2017 309 2077 urentis
326 2019 405 2078 Atlm
420 2021 600 2096 moderator,
621 2021 673 2082 fol.
694 2027 767 2090 296·
782 2041 810 2082 v.
828 2021 879 2082 lin.
893 2025 922 2086 3.
955 2019 1065 2080 Exacta
1081 2019 1211 2078 Domini.
1261 2062 1262 2071 .

72 2123 128 2162 uae
147 2103 294 2162 Passionis
320 2102 521 2182 bebdomada,
550 2127 585 2166 ac
610 2109 745 2185 sequenti
766 2105 900 2179 ineunte,
928 2105 1063 2164 Palemae
1084 2105 1210 2185 patriur-

72 2186 162 2246 cham
186 2187 289 2264 invisit
313 2197 343 2248 et
364 2190 546 2268 Augustam,
575 2191 647 2250 ibid.
673 2191 724 2252 lin.
746 2195 773 2258 6.
818 2191 924 2251 Statim
941 2199 1009 2268 post
1025 2189 1210 2249 Dominicam

70 2276 135 2334 τῶν
149 2267 244 2354 ἆγίων
257 2271 403 2356 πατέρων,
424 2275 503 2337 intas
518 2285 654 2336 octavam
668 2275 869 2352 Ascensionis‚
893 2277 1009 2336 confert
1022 2295 1053 2334 ee
1065 2275 1096 2334 iu
1109 2295 1211 2335 mona·

72 2357 198 2418 sterium
219 2379 235 2419 e
254 2359 376 2436 regione
401 2361 536 2440 Byzantii
555 2363 659 2433 eitum,
679 2361 751 2420 ibid.
771 2359 872 2420 infime
895 2381 963 2440 pag.
1006 2359 1094 2434 Inde,
1115 2380 1210 2420 verno

70 2452 222 2522 tempore,
245 2443 275 2502 iu
291 2443 377 2502 aliam
397 2445 548 2504 domums
564 2445 695 2503 tumultu
712 2445 832 2503 nautico
851 2455 995 2504 remotam
1009 2446 1133 2518 transit,
1157 2445 1210 2505 fot

70 2533 148 2594 297.
163 2527 217 2588 lin.
232 2533 261 2592 8.
305 2527 410 2588 Paucis
425 2529 529 2588 diebus
544 2528 708 2586 interiectio
723 2529 875 2606 quaesitus
889 2550 906 2586 a
921 2527 1047 2608 quodem
1068 2529 1210 2590 ecclesiae

71 2611 228 2685 ministro,
250 2611 473 2688 necinventus,
497 2613 528 2670 in
545 2613 654 2672 Urbem
670 2612 763 2687 redit,
784 2611 856 2670 ibid.
876 2613 927 2674 lin.
944 2612 974 2678 4.
1016 2613 1141 2671 Ineunte
1160 2632 1211 2670 au.

74 2707 200 2754 etumno
216 2695 388 2756 Heracleam
406 2697 527 2773 secedit,
551 2707 580 2756 et
593 2697 633 2754 ibi
654 2717 708 2776 per
728 2705 856 2776 quatuor
870 2717 984 2756 meuses
998 2706 1209 2771 commoratur,

71 2781 128 2842 tot.
142 2782 214 2846 285.
229 2781 283 2844 liu.
298 2785 327 2846 6.
341 2779 392 2842 sol.
407 2781 479 2848 284.
496 2803 525 2843 v.
541 2782 572 2842 in
585 2781 637 2841 ins.
654 2801 720 2862 pag.
736 2783 787 2841 sol.
803 2787 874 2848 299.
889 2803 918 2842 ν.
931 2782 962 2841 in
978 2781 1035 2842 line
1051 2801 1115 2862 pag.
1136 2781 1210 2842 Inda

72 2867 112 2926 A.
129 2867 162 2926 G.
177 2865 386 2928 mcccxtllt.
400 2888 547 2944 reversus,
569 2869 600 2927 in
617 2867 740 2926 sedibus
758 2869 787 2926 S.
801 2865 930 2948 Sophiae
943 2878 1142 2927 commoratur
1154 2889 1211 2948 per

72 2953 224 3028 integrum
241 2951 368 3012 duorum
389 2955 533 3012 meusium
549 2955 677 3032 spatium
686 2997 696 3027 ,
720 2952 772 3012 tol.
786 2955 858 3018 284.
873 2973 902 3012 v.
923 2953 1000 3012 med.
1014 2973 1081 3034 pag.
1125 2955 1210 3012 Com.

71 3033 271 3120 prehenditur
286 3035 358 3095 etin
372 3039 537 3098 custodiam
553 3037 641 3098 datur
657 3037 743 3115 ἔαρος
765 3042 942 3116 μεσοῦντος,
965 3036 1023 3096 hoc
1046 3048 1106 3114 aet,
1130 3039 1211 3098 circa

71 3121 193 3182 initium
215 3121 322 3180 mensis
345 3121 422 3200 Maii,
445 3124 497 3183 fol.
519 3123 591 3188 285.
611 3121 663 3182 liu.
682 3127 712 3187 7.
754 3121 900 3200 Ignatius,
923 3119 1093 3201 patriarcba
1111 3123 1212 3180 Antio-

72 3207 198 3280 chenus,
219 3206 396 3286 Byzantium
416 3209 497 3266 venit
515 3229 593 3265 anno
608 3215 675 3286 poet
691 3205 853 3266 Andronici
868 3206 995 3266 iunioris
1012 3216 1136 3266 mortem
1152 3215 1211 3266 ter-

71 3291 118 3350 tio
133 3291 298 3370 completo,
320 3291 356 3351 A.
371 3293 403 3351 C.
418 3291 622 3354 lllCCCXLIV.
636 3289 688 3350 sol.
702 3295 774 3357 283.
790 3311 818 3350 v.
839 3292 890 3350 lin.
906 3296 955 3355 20.
999 3291 1147 3367 Palames,
1171 3291 1210 3351 ad

71 3375 237 3437 monachos
255 3378 364 3436 montis
388 3375 466 3437 Atho
490 3376 622 3437 scribens
643 3378 676 3435 A.
693 3375 724 3435 C.
745 3375 964 3450 Mcccxtvt„
987 3375 1029 3436 eit
1047 3397 1078 3436 se
1096 3399 1210 3458 περικε-

69 3460 248 3540 νλεισμένον
268 3457 394 3541 ἀκρίτως
414 3463 464 3526 ἐπὶ
486 3461 573 3525 δυσὶν
596 3461 744 3533 ἐνιαυτοῖς
764 3457 844 3542 ἤδη,
874 3461 906 3520 id
930 3469 991 3537 est,
1021 3483 1130 3521 annum
1152 3463 1210 3522 iam

71 3547 200 3606 alteram
224 3548 357 3627 elapsum
382 3567 460 3624 esse,
488 3568 527 3608 ex
552 3567 611 3627 quo
632 3545 767 3605 inclusus
791 3555 943 3622 teneatur,
967 3545 1020 3606 sol.
1036 3551 1109 3614 299.
1130 3547 1211 3606 inira

70 3633 151 3692 med.
164 3652 230 3712 pag.
272 3631 410 3692 Nondum
425 3653 459 3693 eo
475 3641 611 3712 tempora
626 3641 729 3691 coacta
749 3641 813 3692 erat
830 3632 862 3692 in
878 3651 945 3692 eum
965 3633 1114 3713 synodus.
1136 3631 1210 3692 lbid.

71 3717 218 3792 ignatius,
239 3715 410 3798 patriarcha
429 3715 649 3792 Antiochanus,
669 3717 814 3796 Byzantio
830 3717 965 3792 excedit,
988 3717 1081 3778 literis
1097 3717 1136 3777 ad
1156 3739 1210 3797 pa-

70 3801 235 3862 triercham
257 3803 619 3882 constantinopolitanum
638 3811 742 3860 contra
757 3803 903 3862 Palemam
921 3803 1051 3884 scriptis,
1069 3803 1122 3862 sol.
1136 3807 1209 3868 282.

70 3905 101 3942 v.
118 3885 166 3946 lin.
186 3893 213 3950 1.
256 3887 337 3946 Haec
365 3889 472 3968 Regius
493 3887 544 3948 ille
561 3889 673 3946 Codex.
718 3887 879 3966 Aliquanto
898 3899 969 3970 post
988 3889 1209 3948 Palamascar-

70 3989 141 4028 cera
155 3972 291 4044 emissus,
312 3993 389 4032 anno
403 3975 470 4054 ipso
487 3971 534 4058 (ut
546 3967 666 4056 opinor)
681 3969 886 4034 MCCCXLVJ.
929 3975 1040 4033 Tamen
1058 3975 1209 4032 Caratacu-

69 4075 164 4114 zenus
177 4055 228 4115 lib.
242 4057 294 4116 lll.
311 4078 374 4136 cap.
388 4059 441 4118 ult.
455 4079 521 4138 pag·
534 4062 606 4126 699.
622 4055 741 4130 scribit,
763 4057 910 4119 Palomom
927 4057 1026 4118 adbuc
1045 4057 1209 4116 incarcere

68 4139 164 4200 suisne
179 4161 215 4198 eo
236 4151 370 4220 tempore
387 4164 445 4220 quo
463 4144 528 4223 ipse
547 4143 656 4202 Urbem
679 4141 775 4220 cepit,
797 4155 886 4225 atque
903 4164 987 4218 eum,
1010 4161 1077 4202 curn
1095 4139 1208 4200 Andro.

68 4225 141 4284 nico
159 4225 253 4285 Aeone
270 4229 413 4287 eductum
434 4247 449 4287 a
469 4227 622 4304 custodis,
640 4227 759 4289 venisse
775 4228 813 4290 ad
836 4249 869 4292 se
883 4227 926 4290 ait
942 4233 1044 4289 Auuae
1059 4229 1210 4308 Augustas

70 4310 164 4370 missu
181 4311 319 4392 legatum.
361 4331 476 4374 aorvrn.
