3016 4824
268 314 366 385 1998
649 313 1001 385 ΑΝΝΟΤΑΤΙΟΝΕὸ.

265 501 304 541 oo
315 473 463 538 laudabili
477 475 644 538 curiositate
658 473 730 534 Diui
744 472 865 536 Domini
881 475 975 534 nostri
988 485 1016 532 et
1031 472 1217 554 imperatorie
1230 469 1325 532 Dom.
1340 467 1416 531 loo·

265 562 352 644 sapiri
374 558 571 623 Cantaouzeni
581 560 791 642 perquisitum,
812 561 900 620 unico
921 555 1086 639 exemplari
1105 571 1234 636 reperto,
1258 576 1355 638 eoque
1374 553 1420 616 ab

265 661 433 708 vetustatem
452 642 610 705 admodum
630 657 784 724 corrupto,
806 665 844 702 oc
855 658 1003 724 praeterea
1018 639 1135 702 librarii
1155 643 1250 720 ipsius
1264 643 1420 722 ignoran-

268 735 308 792 tia
324 730 492 812 depravato,
516 733 546 788 ia
563 753 645 787 usum
660 751 757 786 eorum
769 731 820 811 psi
834 727 938 790 lecturi
949 743 1015 788 sant
1028 727 1236 805 transcriptum
1252 740 1308 800 est,
1332 749 1419 786 anm

266 815 371 876 mundi
394 813 429 874 V
426 812 450 874 l.
469 810 777 875 MDGGGLXXVI.
802 835 896 872 mense
912 815 1040 888 Martio,
1063 807 1172 870 Indice.
1191 809 1250 872 VI.
1275 805 1419 954 Sfi'brtkti

266 897 559 978 MGGGLXVJH.)
606 899 698 958 Vetus
714 899 883 978 exemplar,
906 919 944 958 ex
959 917 1020 974 quo
1035 895 1261 954 Cantacuzenus
1300 895 1418 955 sacr-ibi

268 1005 354 1045 suum
374 983 507 1059 curavit,
528 985 627 1063 ipsum
648 1003 767 1062 quoque
782 993 880 1043 exstat
901 983 932 1041 in
950 980 1134 1041 Bibliotheca
1151 980 1257 1058 Regia,
1281 990 1316 1038 et
1333 981 1419 1039 banc

266 1069 493 1149 inscriptionem
521 1072 669 1149 praefert:
709 1072 804 1131 Tor
826 1075 867 1131 M
875 1073 973 1130 AttA
984 1071 1102 1129 Ptot'
1132 1069 1424 1128 ΘΕΟΔΩΡΟῬ
1486 1103 1487 1106 =

267 1161 334 1217 ΑΔ
356 1195 503 1216 .........
517 1161 545 1216 Τ
568 1157 886 1218 ΘΕΟΦΑΝΟΤΣ
912 1157 1040 1214 ΠΕΡΙ
1068 1155 1164 1212 ΤΗΣ
1181 1153 1417 1212 ΑΜΩΜΗ-

272 1243 362 1302 'rot‘
381 1241 661 1302 ΚΑΙΚΑΘΑΡ
665 1280 868 1302 ............
898 1239 1137 1300 ΠΙΣΤΕΩΣ
1157 1239 1419 1297 ΚΑΙΚΑΤΑ

272 1327 377 1386 ΤΩΝ
401 1323 761 1390 ΔΟΞΑΖΟΝΤΩΝ
778 1363 934 1388 .........
958 1324 1419 1384 ΠΡΟΣΚΕΚΤΝΗΚΕ.

268 1412 305 1472 Ν
307 1414 336 1470 Α
343 1413 366 1469 Ι.
408 1409 451 1468 Ea
471 1410 592 1470 Codicis
611 1409 777 1488 pervetusti
795 1408 990 1488 inscriptione
1009 1409 1151 1486 deceptus
1169 1407 1418 1482 Cantacuzenus,

268 1493 419 1552 Theodori
435 1493 540 1574 Grapti
556 1495 648 1554 libros
665 1513 714 1553 eoa
730 1493 945 1568 concredidit,
967 1493 1021 1570 qui
1037 1490 1199 1571 Niceplrori
1217 1491 1419 1568 patriarchae

265 1589 368 1638 ciente
393 1581 583 1658 manavitque
597 1601 629 1640 ea
645 1579 746 1658 opinio
762 1581 801 1638 ad
821 1599 922 1638 omnes
934 1579 1017 1638 illius
1034 1577 1146 1636 saeculi
1160 1577 1309 1636 eruditos.
1337 1577 1419 1635 Nam

270 1677 301 1722 et
314 1665 489 1740 Palamitae,
510 1666 677 1744 intorques
693 1663 860 1726 eminebant
876 1653 1099 1722 Caritacuzenus
1114 1663 1193 1742 ipse,
1217 1659 1419 1720 Philotbeus-

270 1769 328 1827 que
348 1749 532 1828 patriarclra3
555 1761 586 1809 et
606 1751 813 1810 l'alamitsrum
836 1749 998 1808 adversarii
1016 1750 1178 1826 Gregoras‚
1201 1747 1419 1824 Cyparissiota

271 1835 358 1913 (cod.
379 1837 449 1912 Reg.
471 1837 563 1900 2408.
585 1837 637 1894 sol.
663 1837 731 1901 105.
756 1835 914 1900 154.175.
940 1835 1191 1899 195.196.199.
1213 1835 1290 1895 263.
1310 1834 1419 1908 375.)‚

270 1920 376 1994 etalii,
399 1921 498 2000 Opera
510 1941 545 1979 ea
560 1921 710 1980 Theodori
725 1921 831 2000 Grapti
850 1919 976 2000 genuina
992 1939 1055 1978 esee
1069 1938 1130 1976 uno
1147 1937 1249 1975 ornnes
1265 1937 1323 1974 ore
1342 1938 1419 1996 pro-

270 2006 456 2065 nuntiarunt.
501 2005 654 2066 Caeterum
671 2007 910 2080 Guntacuzenus,
931 2014 965 2062 st
977 2004 1106 2079 caeteri,
1128 2003 1153 2061 si
1167 2000 1340 2080 praefixum
1359 2023 1419 2060 ve-

270 2089 432 2148 tustissimo
441 2091 603 2168 exemplari
620 2093 738 2150 titulum
754 2090 1086 2170 propiusattentinsque
1094 2085 1307 2167 inspexissent,
1333 2107 1419 2146 cona

191 2220 193 2228 .
271 2174 388 2230 missurn
406 2175 436 2231 in
457 2195 489 2231 eo
514 2185 597 2250 parte
619 2173 752 2234 fraudem
771 2176 871 2234 statim
889 2173 1183 2248 anirnadvertissent;
1205 2171 1338 2250 primam
1354 2174 1419 2232 sci·

271 2257 341 2315 licet
354 2257 446 2314 Tituli
466 2257 590 2334 lineam,
612 2261 644 2318 in
667 2280 726 2338 qua
746 2259 897 2319 Theodori
917 2259 1024 2322 tierneo
1037 2267 1226 2330 occurreret,
1248 2277 1347 2316 manu
1365 2279 1417 2318 rc-

70 2382 74 2390 .
154 2345 157 2350 ’
271 2341 397 2400 rectiori
417 2351 653 2407 exaratamesse
696 2345 752 2404 eui
774 2347 818 2404 rei
839 2355 1010 2424 argumento
1036 2355 1081 2404 est
1102 2342 1312 2422 primumipsa
1329 2343 1416 2424 posi-

270 2427 314 2485 tio
337 2427 418 2486 illiue
440 2427 554 2489 lineae:
585 2440 630 2489 est
650 2431 728 2490 enim
753 2431 842 2490 altior
862 2451 951 2510 quam
968 2450 1044 2510 quoe
1065 2429 1109 2490 illi
1132 2429 1162 2488 in
1184 2427 1320 2487 eiusdem
1346 2429 1413 2487 lolii

270 2513 349 2571 versi
371 2523 457 2590 tergo
481 2517 645 2594 respondet
653 2538 662 2593 ;
697 2535 793 2594 eoque
811 2515 846 2578 fit
870 2527 904 2576 ut
927 2515 1023 2596 prima
1043 2515 1152 2595 pagina
1174 2513 1410 2590 subsequentem

271 2608 464 2676 caeteresque
488 2621 588 2660 ornnes
604 2621 664 2660 uno
683 2622 775 2661 versu
788 2601 931 2676 excedat,
953 2600 1035 2680 quod
1051 2597 1133 2680 apud
1146 2598 1286 2657 librarios
1300 2601 1410 2658 vitium

271 2692 333 2757 est,
356 2685 521 2762 scripturae
543 2697 700 2746 accuratae
718 2687 832 2764 legibus
854 2687 1045 2750 contrarium.
1088 2685 1202 2744 Deinde
1218 2701 1327 2743 versus
1347 2685 1411 2762 ille,

270 2770 303 2826 iu
319 2789 380 2846 quo
397 2768 547 2830 Theodori
561 2793 670 2832 nomen
684 2772 808 2848 legitur,
830 2791 890 2834 non
906 2772 1008 2831 eodem
1021 2769 1150 2849 scriptus
1169 2779 1216 2830 est
1230 2777 1412 2843 atramento,

271 2872 332 2932 quo
353 2853 462 2913 caeteri
482 2857 533 2932 qui
549 2857 679 2936 proximi
693 2867 868 2936 sequuntur.
908 2857 1037 2935 Denique
1054 2857 1121 2936 ipsa
1135 2855 1304 2934 scripturae
1316 2855 1411 2914 linea.

271 2949 368 2997 menta
384 2939 598 3018 discretisunt,
623 2951 657 3001 ut
672 2963 787 3002 mecum
802 2941 945 3002 fatebitur
958 2941 1094 3021 quisquis
1108 2941 1223 3014 litteras
1234 2941 1412 3014 contulerit,
1478 2964 1483 2973 ·

237 3049 242 3061 ·
269 3026 443 3104 praesertim
458 3030 502 3100 Ε,
528 3029 570 3104 Θ,
593 3033 648 3104 Μ,
671 3039 701 3088 et
718 3031 758 3102 T,
782 3049 909 3106 quarum
930 3029 1056 3086 formem
1075 3027 1162 3085 aliam
1179 3046 1243 3084 esse
1257 3026 1286 3083 in
1308 3026 1412 3105 primo

270 3127 377 3183 versu,
406 3109 492 3169 aliam
522 3113 552 3170 iu
579 3115 712 3174 secundo
732 3116 880 3184 ettertio‚
909 3114 995 3172 facila
1020 3113 1078 3172 erit
1105 3110 1201 3170 cuivis
1223 3111 1410 3190 perspicere.

270 3193 377 3254 Eiusce
394 3196 533 3256 facinoris
550 3207 701 3258 auctorem
716 3200 859 3278 suspicari
878 3199 948 3258 licet
963 3198 1013 3256 vel
1027 3197 1192 3272 Paiamaus,
1216 3193 1265 3254 vel
1282 3195 1413 3254 Palami-

271 3289 332 3338 tam
350 3282 495 3359 aliquem,
518 3303 610 3362 penes
625 3299 713 3362 qoem
729 3285 859 3343 fueritis
884 3285 1004 3356 Codex,
1027 3293 1184 3362 antequam
1198 3281 1236 3338 ad
1255 3281 1413 3340 Cantaco-

272 3385 379 3424 zenam
398 3369 601 3444 pervenisset:
624 3389 677 3427 nac
701 3368 788 3428 enirn.
801 3371 1038 3428 Cantocusenam
1050 3369 1148 3447 ipsum
1168 3367 1263 3426 ausim
1276 3366 1346 3424 salsi
1363 3369 1413 3424 in-

271 3449 419 3511 simulare.
465 3453 613 3530 Gregoras
629 3451 779 3512 Historiae
798 3455 850 3514 tib.
866 3455 948 3513 XXI.
967 3453 1046 3512 inira
1060 3473 1125 3534 cap.
1142 3451 1193 3510 lll.
1223 3453 1312 3524 (sect.
1329 3451 1410 3510 Vlll.

271 3535 342 3594 vide
358 3545 386 3592 et
399 3535 452 3595 lib.
471 3539 579 3598 XXlll.
595 3557 660 3618 pag.
676 3543 746 3604 676.
761 3541 794 3599 Ε.
810 3549 840 3600 et
853 3544 927 3604 677.
943 3541 992 3614 Α.)
1014 3537 1294 3611 eiusmodil'raudes,
1316 3537 1410 3594 immo

272 3620 398 3677 maiores
414 3621 517 3680 obiicit
534 3624 693 3685 Palamitis.
740 3623 840 3707 Neque
854 3622 929 3683 enim
942 3625 973 3682 in
990 3643 1044 3683 nos
1058 3620 1139 3682 solos
1154 3619 1280 3704 (inquit)
1303 3641 1411 3680 muns

271 3707 295 3764 ii
310 3720 427 3763 ormont
447 3711 672 3786 sanguinarias,·
693 3707 744 3767 sed
764 3733 804 3769 ex
824 3711 894 3790 ipsis
910 3709 1006 3767 sacris
1022 3705 1107 3767 libris
1123 3707 1217 3766 recisa
1237 3703 1336 3764 multa
1350 3727 1410 3762 au-

262 3788 388 3876 serunt,
401 3787 487 3870 jeliu
503 3789 659 3852 chartacea
682 3793 751 3852 bino
773 3807 800 3852 et
814 3809 954 3876 quaterno
971 3796 1068 3852 acutis
1088 3789 1192 3851 cultris
1205 3787 1359 3854 desecaret,
1382 3803 1410 3845 et

271 3897 313 3935 ex
325 3873 434 3934 diuinis
447 3878 600 3955 scripturis
612 3899 645 3936 ea
659 3877 799 3943 avellunt.
821 3901 895 3960 quae
910 3873 1042 3936 validum
1051 3889 1078 3934 et
1091 3889 1262 3956 expugnatu
1281 3871 1410 3956 difficile

273 3957 362 4020 robur
385 3965 579 4041 opponentis,
614 3959 656 4019 od
676 3985 760 4022 suum
779 3961 895 4022 libitum
919 3963 1029 4044 iniquis
1051 3955 1342 4042 interpretationibus
1360 3955 1409 4015 de·

273 4059 404 4124 temnere
425 4067 483 4105 non
496 4061 627 4128 possunt.
670 4049 765 4108 Porro
782 4049 924 4109 intererat
937 4043 1162 4119 Palamitarum‚
1186 4054 1220 4104 ut
1238 4041 1325 4103 libris
1337 4043 1408 4111 iliis,

272 4129 380 4205 quibus
399 4133 493 4190 multa
516 4133 740 4194 continerentur
763 4155 865 4194 sorum
891 4132 1041 4192 erroribus
1060 4131 1229 4204 contraria,
1256 4126 1407 4188 Theodori

272 4217 379 4292 Grapti
392 4217 492 4295 potins
506 4237 596 4297 quarn
615 4217 771 4298 Nicephori
786 4217 988 4298 (patriarchas
1001 4217 1144 4276 videlicet
1158 4214 1407 4292 Constantinopo-

271 4297 365 4376 litani)
388 4321 496 4362 nomen
511 4305 733 4366 inscriberetur.
776 4303 867 4366 tuitio
882 4313 963 4364 certe
983 4301 1159 4363 Theodorus
1175 4301 1306 4380 Graptus
1319 4296 1406 4378 parri
