3034 4828
137 329 145 346 ,
246 275 347 365 noo
657 277 1014 352 annornrronns.

334 443 404 524 rag.
424 443 484 519 ee,
504 441 535 508 4.
582 437 625 505 ιιι
639 445 701 504 τοι
718 433 861 522 οὔριοι
877 433 1029 520 partun]
1053 435 1199 515 rueram,
1216 437 1393 498 ramma
1499 395 1500 402 ἶ

247 526 366 588 Sultani
384 525 484 588 eedem
503 528 685 607 primariam.
726 525 806 586 Vide
825 534 949 586 atomum
971 523 1166 585 Sultauorum
1185 521 1394 584 loonieueium

247 623 319 696 poet
333 613 357 672 F
358 611 470 672 emiliae
487 613 665 672 Dalmaticae
679 631 710 672 n.
726 611 793 672 XV.
833 628 963 671 promo.

333 717 411 794 Pag-
432 701 488 792 82,
511 715 541 782 6.
583 709 713 795 Melete]
743 713 805 790 Qui
829 721 917 774 antea
943 709 982 770 ad
1007 707 1182 771 liichatilem
1203 708 1395 790 profugerat,

251 809 283 862 et
295 799 333 862 ab
348 819 384 860 ao
397 797 595 876 detinebatur,
608 821 647 861 ne
661 799 688 859 ai
699 799 840 861 evaderet
851 819 901 860 rea
916 816 1009 860 norae
1025 796 1192 860 moliretur.
1213 793 1398 876 Pachynarr.
1446 817 1450 825 ·

157 903 164 910 '
252 885 308 950 lib.
321 885 357 945 11.
372 904 440 965 cap.
454 885 565 948 XXIV.
606 905 735 950 cremo.

336 984 410 1070 Peg·
432 991 489 1064 88,
510 993 541 1052 2.
576 977 649 1085 'Hya
664 983 838 1084 arll'pepep
853 943 1094 1082 tmtteidmsg
1107 975 1292 1080 mnpdrrrov]
1315 985 1401 1044 sen-

254 1072 349 1133 tentia
363 1081 423 1149 est,
445 1083 482 1132 ut
496 1073 623 1155 pararitr
637 1092 746 1133 manera
767 1071 896 1132 divitum
918 1070 1052 1146 alantur,
1074 1077 1118 1128 na
1140 1067 1226 1128 illurn
1245 1089 1299 1150 spe
1316 1069 1400 1130 bona

175 1221 179 1230 ,
253 1159 398 1220 lactatum
411 1178 483 1220 enee.
524 1177 668 1222 wonrma.

342 1263 414 1340 Png.
434 1263 490 1336 83,
513 1263 542 1326 8.
584 1253 651 1324 Ario
673 1257 743 1340 ἑξῆς
762 1250 871 1339 ἠνύετο
892 1253 962 1336 ἔτη]
998 1252 1141 1333 Acropol.
1162 1275 1226 1360 cap.
1242 1256 1400 1318 LXXXV.

257 1343 431 1425 Pachymer.
447 1345 499 1404 lib.
514 1344 554 1406 Il.
573 1367 638 1427 cap.
659 1344 769 1416 XXVI.
789 1362 923 1403 urrann.
966 1333 1033 1404 Ario
1056 1339 1128 1418 ἑξῆς
1145 1334 1255 1420 airum
1270 1338 1301 1421 *l
1324 1341 1401 1422 ἔτη]

256 1431 397 1492 Verterat
409 1429 549 1506 Wolfius,
571 1429 640 1491 Duo
653 1430 784 1513 perpetui
799 1427 872 1488 unni
891 1425 1034 1486 exierant.
1075 1423 1139 1502 Ego
1157 1427 1250 1486 malui
1267 1435 1402 1502 vertere,

259 1512 413 1576 Secundus
426 1537 521 1576 annua
536 1515 649 1578 exibet.
691 1513 738 1574 Ab
761 1511 951 1592 aequinoctio
968 1509 1136 1570 autumnali
1155 1512 1225 1571 anni
1242 1512 1403 1572 llCCLiX.

261 1619 322 1681 quo
335 1599 401 1660 finia
419 1599 498 1660 bello
512 1599 670 1680 impositus
685 1609 739 1676 eat,
764 1597 803 1658 ad
820 1596 982 1658 solstitium
996 1595 1141 1656 aestivum
1154 1597 1228 1674 unni
1241 1596 1403 1660 neem

262 1705 323 1767 quo
335 1685 409 1747 belli
429 1687 566 1746 renovati
589 1685 711 1745 initium
732 1683 891 1759 statuitur,
914 1702 972 1741 non
994 1681 1230 1742 interceeierunt
1249 1681 1322 1742 anni
1339 1681 1404 1742 duo

263 1771 381 1850 integri.
427 1771 557 1831 Verbum
583 1763 695 1850 ἠνύετο
722 1769 802 1850 apud
827 1769 990 1847 Gregoraru
1013 1763 1161 1844 significat
1186 1765 1312 1842 exibat,
1341 1789 1406 1828 nou

263 1858 389 1917 exierat.
418 1856 469 1915 Sic
485 1856 563 1916 libro
580 1858 619 1917 X.
637 1877 702 1934 cap.
716 1855 739 1916 l.
753 1853 891 1933 τέταρτον
908 1849 963 1934 μὲν
979 1845 1018 1931 δή
1037 1851 1090 1914 nol
1105 1849 1329 1934 ἑβδομηκοστὸν
1342 1852 1408 1934 (1ο-

264 1940 368 2019 quitur
386 1940 424 2002 da
441 1951 537 2002 aetate
550 1939 714 2000 Andronici
728 1934 867 2020 senioris)
882 1937 947 2011 ἔτος
966 1929 1027 2000 rino*
1043 1935 1187 2020 γενέσεως
1204 1931 1287 2022 αὐτῷ
1301 1943 1408 2001 tetro-

267 2029 359 2086 τοῐντι
377 2018 503 2105 ἠνύετο,
530 2039 653 2108 quartur
671 2021 788 2108 quidem
808 2037 836 2084 et
857 2021 1085 2104 septuagesimae
1104 2044 1199 2082 annua
1220 2024 1247 2082 ei
1268 2025 1408 2084 morienti

264 2107 377 2172 exibat.
419 2107 553 2185 Enitar,
572 2129 632 2168 non
656 2111 780 2168 exierat.
824 2108 899 2167 Nam
920 2115 1038 2170 constat
1058 2105 1263 2168 Andronicum
1283 2127 1346 2167 non
1360 2119 1408 2169 to-

264 2203 312 2252 tos
329 2193 461 2252 LXXIV.
480 2215 572 2254 runos
591 2192 711 2254 vixirea.
742 2191 817 2254 Vide
837 2200 978 2253 annotata
991 2191 1071 2258 iufra
1091 2191 1131 2252 ad
1145 2191 1310 2254 Oraculuru
1320 2193 1409 2254 Tral-

263 2277 378 2338 lianum
389 2277 445 2341 lib.
457 2279 507 2341 IV.
525 2299 590 2359 cap.
604 2279 639 2339 V.
656 2287 727 2342 rect.
740 2283 770 2346 9.
811 2297 928 2339 aorrrn.

351 2384 424 2462 Peg.
447 2385 505 2455 83,
528 2385 579 2446 20.
612 2375 780 2464 'Ayopulorg
793 2373 940 2461 ἀνδράσι]
963 2380 1025 2458 Qui
1045 2401 1078 2442 ae
1098 2378 1344 2462 Otlnpurupiong
1356 2401 1411 2462 ap·

266 2465 435 2548 pellebant,
468 2465 551 2546 quod
573 2487 628 2532 nec
649 2466 772 2525 Francia
792 2487 848 2526 nec
869 2467 991 2526 Graecia
1015 2466 1137 2526 omnino
1164 2475 1325 2548 parerent,
1352 2468 1410 2527 aed

268 2561 356 2632 gente
386 2551 494 2614 Graeci
518 2573 553 2612 ac
574 2551 836 2632 Constantinopoli
852 2551 930 2626 nali,
952 2551 1018 2611 ruri
1039 2552 1180 2631 degentes
1201 2571 1255 2610 sua
1274 2552 1412 2612 colerent

269 2637 411 2720 praedia,
432 2637 478 2696 uti
494 2636 595 2700 innuit
614 2637 692 2696 idem
710 2637 876 2714 Gregoraat
899 2635 943 2695 sic
956 2637 1033 2696 enim
1049 2637 1239 2718 appellantur
1254 2657 1270 2694 a
1287 2635 1412 2717 Pachy-

268 2722 460 2785 merelib.'1I.
476 2741 545 2803 cap.
557 2723 637 2783 XIV.
650 2721 762 2782 XXVI.
777 2721 870 2782 XVII.
892 2721 1067 2802 Anonymua
1085 2723 1139 2788 Ma.
1154 2723 1193 2782 de
1206 2721 1293 2782 bellia
1307 2722 1412 2782 Fiun-

270 2827 376 2870 corum
392 2807 425 2868 in
437 2805 554 2868 Morene
577 2807 647 2881 ἕνας
660 2803 733 2881 λαός
745 2800 914 2886 eiciuntur,
937 2801 993 2887 ὅλη
1009 2799 1227 2890 conperiens.
1254 2825 1391 2872 nccare.

353 2911 428 2993 Peg.
449 2909 506 2987 84,
528 2915 579 2978 12.
612 2905 702 2990 ’Ἄχρι
714 2903 847 2990 χιλιάδος
860 2907 942 2989 μιᾶς]
965 2909 1159 2987 octingentoa
1174 2909 1325 2970 duntaxat
1339 2911 1411 2970 [οἰο-

271 3015 304 3060 te
321 2995 399 3058 intra
415 2995 467 3059 ait.
503 2994 651 3060 Phranaea
670 2995 722 3056 lib.
746 2993 771 3053 1.
798 3013 865 3074 cap.
881 2993 931 3058 IV.
951 2994 1066 3074 equitet
1087 2993 1208 3058 circiter
1223 2995 1413 3074 octingentoa

271 3101 339 3141 curn
359 3083 449 3160 globo
472 3081 608 3162 peditum
636 3077 775 3143 habuiaae
803 3079 1047 3160 Strategopulum
1074 3079 1191 3140 scribit.
1234 3079 1315 3142 Vide
1335 3079 1412 3143 iliat-

270 3164 537 3248 Franco-Byzant.
550 3165 604 3230 lib.
617 3163 654 3228 V.
674 3183 738 3244 erp.
753 3163 865 3226 XXIV.
907 3183 1040 3231 noeane.

359 3271 432 3349 Peg.
455 3269 512 3344 85,
538 3272 587 3335 19.
620 3264 682 3328 rtet
698 3263 863 3346 diluitur]
885 3265 1027 3348 Acropol.
1047 3287 1115 3348 cap.
1128 3265 1277 3329 LXXXV.
1299 3264 1416 3345 Pachy-

272 3371 344 3414 mer.
366 3353 418 3416 lib.
441 3353 478 3417 Il.
500 3373 565 3434 cap.
587 3349 709 3410 XXVII.
741 3351 818 3416 Birt.
838 3351 953 3411 Franco
968 3349 1123 3431 -ΒιιοοῐἸ
1142 3351 1194 3415 lib.
1214 3352 1248 3412 V.
1269 3373 1299 3411 n.
1315 3352 1415 3411 XXV.

272 3436 381 3500 XXVI.
410 3439 535 3500 XXVII.
575 3454 705 3496 nccare.
757 3437 888 3496 Graecoe
916 3455 1109 3517 recuperante
1133 3437 1418 3518 Constantinopolin

272 3543 350 3580 anno
368 3521 472 3586 Mundi
491 3523 541 3584 Vl.
561 3519 772 3586 MDCCLXIX.
794 3521 844 3581 die
867 3521 937 3582 Iulii
955 3521 1051 3586 XXV.
1074 3521 1185 3582 diserte
1206 3523 1247 3582 ait
1267 3523 1418 3601 Georgiua

271 3605 456 3685 Acropolita.
482 3609 523 3667 lle
537 3605 587 3666 die
607 3615 637 3666 et
651 3627 750 3666 urenae
765 3606 844 3667 inter
861 3627 963 3668 omnes
985 3615 1120 3678 constat3
1142 3628 1205 3668 non
1222 3607 1295 3667 ilem
1311 3609 1351 3668 de
1368 3629 1420 3666 an-

273 3712 324 3757 no.
356 3691 525 3754 Suntenim
548 3691 601 3768 qui
622 3690 771 3752 affirment
794 3702 1002 3773 recuperatam
1032 3691 1127 3752 tuisse
1148 3693 1351 3752 aunollundi
1367 3692 1420 3752 Vi.

273 3777 510 3839 MDCCLXVIII.
533 3775 645 3838 Christi
662 3775 804 3836 Mcctx.
827 3787 917 3856 atque
932 3799 995 3838 earu
1009 3778 1134 3838 formare
1150 3777 1242 3837 suinae
1255 3775 1421 3858 Nicephori
1499 3833 1500 3858 p

275 3865 423 3942 Gregorae
440 3861 629 3943 opinionem,
651 3860 729 3924 inira
754 3863 935 3922 ostendetur.
966 3863 1068 3922 Codex
1087 3864 1197 3942 Regius
1217 3861 1330 3930 25252.
1348 3863 1423 3922 scri.

275 3961 347 4029 plue
363 3947 454 4029 paulo
476 3957 545 4028 poet
570 3947 685 4006 obitum
707 3948 874 4012 Andronici
896 3947 1040 4024 iunioris,
1071 3967 1131 4030 quo
1155 3959 1291 4028 ternpore
1318 3949 1424 4007 floruit

278 4035 441 4111 Gregoraa,
465 4032 746 4112 Constantinopolin
759 4055 777 4094 a
792 4033 914 4093 Graecia
927 4043 1134 4114 recuperatum
1148 4034 1235 4113 ponit
1248 4051 1328 4090 anno
1339 4033 1426 4092 Mun·

277 4117 310 4178 di
327 4118 378 4184 Vl.
398 4119 637 4182 MDCCLXVIII.
680 4117 716 4180 ln
733 4118 859 4186 eundem
874 4139 984 4182 annum
1001 4119 1193 4182 comentiunt
1206 4117 1309 4178 Codex
1324 4119 1425 4184 2654.-

308 4283 337 4351 ⁸)
354 4280 469 4353 ἠνύετο,
487 4303 537 4341 non
555 4281 672 4358 ἥοοοιο,
689 4293 737 4343 aut
751 4283 904 4359 οορερὀη.
928 4302 1031 4346 rervm.
