3034 4828
351 313 588 388 lllSTORlAE
608 315 888 388 BYZANTINAE
906 314 994 384 XIlL
1011 325 1041 386 6.
1171 303 1246 377 6⁵7

141 479 416 571 πρωτεξόδελφος,
452 479 562 558 ἱππίας
593 479 776 567 ἐπαγόμενος
803 483 967 550 Θετταλῶν
987 479 1062 557 τοδς
1090 477 1245 568 ἀρίστους,
1264 493 1331 542 hc.
1344 483 1411 546 1343

139 584 287 670 Ἰωάννης
309 583 325 652 ό
341 584 499 670 Ἄγγελος,
526 581 798 670 συνησθησόμενός
816 609 850 650 τε
871 590 916 673 τῷ
929 581 1064 670 γεγονότι
1088 589 1145 649 τοῦ
1159 563 1410 680 τάτυ-Ῑωήέέζῇιξὺ

143 687 285 775 χήματος
309 691 361 753 καλ
386 688 417 753 εἴ
432 711 480 764 τις
501 687 545 772 εἴη
562 690 669 773 χρείας
692 687 793 774 ἔφεσις
809 683 1017 773 ἐπικουρήσων
1033 686 1073 751 rol
1088 681 1247 770 κρότιστα.

147 790 319 875 ἀξιόμαχον
332 790 392 876 γὰρ
410 789 470 874 ήδη
487 793 537 855 καὶ
555 790 649 870 αι’·τδς
664 789 814 875 ἐκτήσατο
829 787 959 872 δυ’ναμιν
966 839 978 871 ,
1006 789 1068 876 ἀφ’
1085 781 1121 855 οὗ
1134 793 1178 876 τῷ
1192 793 1249 854 rosi

118 895 299 980 ἀβασιλίως
322 894 467 980 luiprando]
496 889 627 978 δόγματι
647 893 726 980 πρὸς
746 893 803 978 τήν
824 890 970 978 τοιαότην
995 891 1110 980 ἀρχὴν,
1138 889 1182 956 ἴτι
1205 896 1250 980 τῷ

144 995 261 1086 Κρόλῃ
274 993 422 1072 συνόντος
439 998 471 1060 ἐν
491 992 575 1082 όροις
591 1002 653 1062 τῶν
669 1001 870 1083 Τριβαλλῶν,
899 993 941 1072 ῶς
956 995 1098 1082 ἀνωτέρω
1113 1017 1173 1059 που
1188 997 1252 1062 διε-

145 1099 295 1184 λόβομεν.
348 1097 418 1189 (Β.)
446 1096 586 1182 Τάχιστα
607 1099 667 1186 γάρ
699 1099 798 1166 ἀπιῶν
821 1101 913 1164 ἐκεῖσε
938 1098 1016 1186 πρὸς
1043 1095 1137 1184 αόξην
1158 1095 1283 1182 ήγοιγελέ

146 1205 188 1270 τά
209 1207 377 1270 Θετταλῶν
391 1197 576 1288 πράγματα,
605 1199 791 1289 διερρωγότα
803 1204 854 1268 καὶ
868 1198 1024 1285 κάμνοντα
1047 1201 1091 1266 δι’
1111 1196 1253 1284 ἀλλήλων

148 1317 219 1382 ταῖς
244 1307 405 1392 ἀναρχίαις
428 1305 485 1389 οὔχ
505 1296 615 1390 ἦττον,
641 1303 740 1388 ήτοῖς
763 1309 797 1371 ἐκ
819 1309 936 1370 πολλοῦ
954 1311 1158 1388 κατασχοῦσιν
1171 1301 1253 1368 arisel

106 1407 355 1485 1οΚατελάνοις.
384 1411 427 1484 είς
445 1408 505 1494 γάρ
518 1409 640 1494 τρυφήν
655 1411 706 1474 καλ
726 1407 822 1476 πότον
836 1407 897 1494 ήδη
913 1415 976 1475 τῶν
993 1404 1152 1494 ἀπογόνων
1166 1407 1254 1470 ἐκκυ-

149 1511 339 1591 λισθέντιον,
366 1509 453 1594 μάλα
467 1511 609 1587 ἀσθενῶς
625 1511 692 1596 ἴσχε
705 1511 744 1577 sal
759 1511 832 1577 κατ’
857 1511 987 1592 αάτοδς,
1016 1508 1058 1587 ῶς
1076 1509 1151 1595 μηδ
1168 1507 1255 1574 ἀντι-

148 1612 270 1691 πάλους
288 1613 335 1680 ἴτ’
359 1611 435 1680 είναι
458 1611 635 1694 δύνασθαι,
661 1615 706 1700 μὴ
731 1613 778 1681 ότι
801 1611 947 1698 μεγάλαις
969 1611 1150 1697 δυνάμεσιν,
1177 1609 1282 1678 oili-'ll

150 1719 225 1786 οὐδὲ
241 1728 308 1793 τοῖς
327 1717 583 1804 παρασπωμίνοις
597 1716 698 1804 ἠρέμα
719 1720 770 1782 καὶ
788 1715 1047 1804 διερρηγνυμίνοις
1060 1716 1183 1781 οἷ’κοθεν
1198 1714 1254 1796 μέ-

150 1845 229 1908 ρεσι.
266 1817 332 1909 (Γ.)
356 1817 518 1896 Τοιοότοις
537 1821 642 1886 τοίνυν
657 1817 674 1885 ό
692 1818 833 1906 Ἄγγελος
847 1819 1051 1903 σομβεβηκῶς
1064 1815 1250 1905 πράγμασιν,
1259 1823 1290 1876 Ρ.
1298 1821 1351 1882 410

107 1930 143 1986 15
153 1925 233 2010 ἀνήρ
257 1923 353 1999 δεινός
373 1923 413 1988 sd
431 1923 581 2006 πολέμια,
616 1919 709 1990 τότε
730 1929 858 1988 πλεῖστα
880 1927 936 2006 τῆς
961 1924 1132 1996 Θετταλίας
1145 1921 1258 1986 οἰκείαν

151 2027 239 2112 ἴσχεν
265 2025 364 2112 ἀρχὴν
398 2029 449 2092 καί
478 2024 545 2109 ἅμα
575 2025 727 2112 παρεξιὼν
750 2021 917 2101 Λίτωλοός
946 2049 979 2091 τε
1009 2019 1182 2110 ὗπηγάγετο
1205 2024 1258 2088 καὶ

152 2129 303 2216 Λοκροδς
316 2127 389 2204 τοδς
400 2125 536 2208 Ὀζόλας.
564 2125 622 2194 alls
636 2131 656 2194 δ
659 2128 669 2153 ²
687 2125 766 2212 όμοῦ
782 2130 832 2194 καὶ
841 2129 1043 2215 Ἀκαρνανίαν
1058 2127 1184 2193 ἅπασαν
1198 2131 1257 2190 ταῶ

151 2230 268 2320 χρόνου
287 2237 482 2316 χωροῦντος,
508 2228 681 2319 δποχείριον
710 2227 861 2318 πρότερον
883 2231 965 2316 σχῶν
988 2233 1039 2296 καί
1062 2230 1121 2314 τήν
1142 2225 1259 2312 ταότης

152 2334 321 2422 ἡγεμονίδα
336 2333 467 2416 Ἅνναν,
498 2334 557 2419 τὴν
577 2341 634 2400 τοῦ
659 2334 720 2424 πρό
743 2336 820 2401 ἐτῶν
845 2333 906 2419 ἤδη
934 2341 1055 2418 συχνῶν
1072 2329 1259 2418 τεθνηκότος

109 2438 266 2506 ἑλκόντων
280 2440 499 2524 Κεφαλληνίας
514 2435 659 2524 σόζυγον,
688 2435 731 2514 ῶς
744 2437 887 2524 ἀνωτίρω
904 2440 955 2502 καὶ
976 2439 1045 2524 περὶ
1060 2433 1173 2502 τούτου
1188 2437 1258 2500 δια-

154 2539 303 2624 λαβόντες
311 2538 486 2628 εἰρήκειμεν.
515 2539 554 2627 ἢν
570 2541 684 2607 ἀνελεῖν
698 2540 794 2618 sidric
805 2537 986 2628 παρώξυνον
997 2539 1086 2606 ἔνιοι·
1104 2539 1184 2623 μηδὲ
1197 2535 1286 2624 γάρΒ

152 2641 318 2732 ἠρεμήσειν
339 2645 436 2728 αὐτῆς
456 2643 493 2710 τό
506 2647 667 2732 φίλαρχον,
684 2643 736 2710 διὰ
751 2650 879 2732 μακρῶν
895 2643 956 2728 ήδη
970 2649 1033 2709 τῶν
1043 2638 1165 2728 χρόνων
1174 2641 1207 2704 ίν
1220 2643 1260 2725 τῇ

155 2754 243 2836 ψυχῇ
253 2748 436 2836 στηριχθέν·
452 2747 524 2814 ἀλλ’
544 2745 626 2814 dene
682 2752 817 2834 νθρακες
832 2742 959 2833 ἀχύροις
972 2747 1052 2812 τισὶν
1065 2739 1260 2832 ίμφωλεόονω

156 2977 287 3048 Angelus,
304 2995 389 3032 secum
403 2976 522 3032 adductis
540 2977 722 3032 Thessalorum
737 2977 868 3047 equitibus
887 2975 1047 3040 lectissimis,
1071 2975 1174 3028 felicem
1190 2973 1261 3028 illum

157 3057 275 3102 eventum
294 3049 485 3116 gratulaturus,
504 3055 531 3102 at
546 3047 569 3098 si
587 3048 651 3116 quid
668 3045 756 3098 auxilii
768 3063 784 3099 n
796 3065 825 3098 se
839 3045 1004 3116 exigeretur,
1023 3044 1146 3097 acerrime
1159 3060 1262 3114 operam

157 3125 312 3200 navaturus.
329 3117 400 3200 ΙΙοτα
419 3117 487 3198 enirn
500 3115 569 3198 hand
586 3114 781 3198 contemnendus
796 3121 823 3196 et
838 3113 896 3196 ipse
911 3113 980 3166 vires
994 3113 1044 3195 sibi
1059 3117 1262 3180 comparaverat,

158 3185 868 3316 :tinnibunt”riitdhhithtltt
882 3179 1262 3304 illitt‘ti'al'thiliit

157 3323 223 3392 (ll.)
240 3323 378 3376 Proiectus
392 3326 487 3394 quippe
503 3323 564 3376 illuc
583 3323 716 3376 celerrime
731 3321 914 3374 Thessalorum
929 3319 1008 3372 rebus
1020 3320 1203 3372 incrementum
1221 3324 1263 3370 at-

157 3393 234 3458 tulit,
251 3393 343 3445 fractis
359 3401 386 3446 et
402 3393 592 3456 laborantibus,
609 3409 660 3445 nou
673 3393 754 3446 mium
770 3407 816 3460 per
829 3391 900 3460 ipsos
915 3389 1052 3458 indigenas
1065 3388 1182 3458 principe
1195 3387 1263 3458 legl-

157 3461 221 3514 timo
234 3469 362 3526 carentes,
380 3479 453 3530 quam
486 3479 514 3514 er
527 3461 682 3525 catalanos,
700 3461 746 3528 qui
759 3459 809 3514 iam
822 3459 919 3528 pridem
931 3459 984 3512 illic
998 3458 1201 3512 dominabuntur.
1230 3456 1263 3509 ln

157 3531 246 3583 luxum
265 3530 331 3584 enim
344 3549 374 3584 ao
386 3479 491 3600 potamli
508 3531 636 3584 licentiam
650 3529 729 3599 lapsis
741 3529 888 3598 nepotibus,
905 3527 1010 3581 multum
1026 3527 1177 3580 debilitatae
1188 3531 1263 3580 mant

157 3599 261 3654 illorum
277 3599 359 3664 vires,
376 3599 414 3651 ita
427 3606 455 3652 ut
467 3601 620 3653 contendere
633 3599 683 3652 iam
697 3598 765 3651 haud
781 3607 901 3668 possent,
918 3615 968 3650 non
981 3615 1037 3649 curu
1051 3596 1150 3650 viribus
1163 3596 1262 3664 magnis

159 3670 259 3733 solum,
277 3669 323 3721 sed
345 3686 377 3722 ne
397 3686 452 3721 cum
470 3667 503 3721 iis
526 3669 629 3738 quidem
649 3667 783 3740 partibus,
801 3683 868 3736 quae
883 3666 950 3721 domi
964 3667 1085 3736 paulatim
1101 3666 1134 3718 ab
1153 3664 1265 3718 invicem

158 3739 352 3792 divellebantur
370 3743 449 3806 atque
466 3737 682 3791 distrahebantur.
718 3736 795 3804 (lll.)
813 3737 843 3788 In
859 3735 927 3788 bunc
941 3751 1024 3788 rerum
1041 3741 1134 3787 statum
1152 3749 1209 3786 cum
1227 3734 1267 3786 in-

161 3807 272 3860 cidisset
282 3807 390 3859 loannes
406 3805 532 3874 Angelus,
548 3805 589 3858 vir
604 3803 827 3868 bellicosissimus,
844 3805 952 3858 maxima
964 3803 1116 3857 Thessaliae
1130 3807 1205 3872 parte
1219 3821 1267 3872 po·

160 3877 225 3930 titus
242 3877 344 3929 lucrata
369 3885 422 3928 tum
439 3876 506 3928 idem
525 3877 611 3928 statim
627 3875 695 3928 ultra
715 3889 867 3944 progressus
884 3873 988 3928 Aetolos
1006 3872 1151 3941 Luctusque
1170 3871 1267 3924 Ozolae

161 3947 309 4015 subegerat.
345 3944 416 4007 Quin
436 3951 463 3997 et
481 3949 562 3998 totam
582 3959 686 4014 quoque
696 3943 867 3998 Acarnaniam
883 3943 1040 4012 procedente
1059 3947 1174 4010 tempore
1194 3939 1269 3991 inra-

161 4023 249 4078 serat,
267 4015 450 4082 comprehensa
466 4014 538 4082 prius
554 4013 715 4066 Acarnanum
729 4011 846 4083 principe
857 4013 949 4076 Anna,
972 4025 1053 4064 uxore
1070 4009 1138 4062 illiue
1154 4007 1270 4076 Cephal-

160 4084 246 4137 lenum
260 4083 376 4148 comitis,
402 4083 447 4153 qui
466 4082 551 4136 multis
566 4082 615 4135 iarn
630 4089 690 4134 ante
704 4081 777 4134 annis
790 4081 940 4146 interierat3
957 4085 986 4132 ut
1001 4077 1218 4147 supradiximus,
1235 4075 1269 4126 de

162 4169 195 4206 ea
206 4151 266 4238 ipsa
281 4169 311 4204 re
325 4151 488 4205 disserentes.
525 4151 609 4216 Quam
625 4150 727 4220 quidem
741 4149 876 4203 foeminam
895 4155 926 4202 ut
945 4148 1031 4202 statim
1045 4145 1188 4209 occideret,
1204 4160 1270 4198 non-

162 4221 225 4274 uulh
241 4220 416 4290 instigabauts
433 4237 480 4274 nec
492 4219 559 4274 euim
577 4220 718 4290 quieturam
733 4237 791 4272 esse
803 4219 872 4272 illam
884 4215 1027 4290 imperandi
1042 4214 1186 4276 libidinem,
1204 4229 1270 4284 quae

161 4297 236 4348 hato
253 4289 305 4344 iam
322 4296 437 4364 tempure
451 4289 535 4346 iulixa
546 4295 616 4346 esset
628 4290 711 4344 auimo
724 4287 807 4343 iiliuss
824 4287 870 4344 sed
882 4283 1091 4360 quemadmodum
1102 4281 1171 4352 iguis
1181 4281 1208 4338 in
1222 4300 1270 4356 pa-
