3034 4828
191 999 649 1095 ΝΙΚΗΦΟΡΟΥ
687 999 829 1095 ΤΟΥ
866 997 1236 1092 ΓΡΗΓΟΡΑ

307 1209 714 1288 ΡΩΜΛΙΚΗΣ
760 1205 1125 1289 ΙΣΤΟΡΙΑΣ

558 1383 787 1448 coroa
826 1381 877 1444 113.

163 1545 1276 1690 nocnPHORI-onnoonnn

320 1799 721 1878 BYZANTINAE
773 1793 1109 1874 HISTORIAE

419 1991 583 2058 men
620 1987 1010 2054 onoonctuus.

523 2263 914 2371 ARGUMEliTUM.

236 2413 334 2468 ilerum
347 2419 483 2486 geriacum
497 2420 617 2474 narratio
628 2420 716 2488 susim
731 2417 901 2488 promittitm.
936 2412 1038 2470 liorem
1058 2411 1174 2485 cognitio
1194 2427 1270 2482 paen

166 2483 303 2538 lectoribus
313 2487 432 2551 fructum
449 2489 566 2542 attatum
582 2489 625 2542 m't.
669 2489 783 2542 Diuinae
798 2485 917 2540 iustitiae
933 2483 1003 2538 ratio
1020 2491 1046 2540 et
1061 2499 1164 2538 summa
1180 2483 1270 2552 aequi-

166 2560 219 2605 tae.
238 2553 365 2619 Historia,
381 2559 485 2625 saepius
498 2557 553 2610 iam
564 2559 703 2624 celebrata,
719 2573 824 2611 rursum
840 2555 974 2608 laudatur.
1011 2553 1076 2607 Cum
1092 2554 1195 2622 speculo
1210 2567 1271 2603 con-

166 2625 260 2686 fertur.
295 2622 457 2693 Principibus
472 2628 584 2680 manime
601 2629 681 2680 utilis.
717 2627 840 2681 Naturae
861 2625 913 2693 ipsi
918 2667 919 2672 ,
932 2623 1101 2692 praecellens.
1136 2621 1274 2689 Seriptnris

166 2707 252 2744 mores
267 2693 399 2758 informat.
435 2697 557 2750 Animum
575 2698 706 2750 uarietate
723 2697 844 2781 delcetat.
879 2692 1066 2778 Huius‘partis
1083 2691 1187 2775 initium
1203 2690 1273 2772 unde

165 2760 1274 2902 lffiitltltzilni‘lffiffimtwimit

170 2907 247 2952 artes.
286 2902 496 2956 Cantaosszenum
512 2905 633 2958 bortatur
649 2905 686 2957 ad
702 2903 860 2973 capessenda
875 2902 979 2971 imperii
994 2902 1120 2971 insignia.
1154 2897 1274 2950 maen

170 2970 352 3025 calumniatur.
387 2971 541 3038 imperatrix
557 2977 635 3026 Anna
657 2975 735 3027 tertio
757 2975 842 3026 luetur
864 2973 907 3024 die
930 2973 959 3024 in
980 2972 1111 3038 palatium
1129 2984 1158 3020 se
1173 2967 1273 3033 recipit.

169 3039 310 3111 Apoeauep
323 3039 449 3092 madente
465 3041 574 3094 loannes
589 3043 743 3110 patriarcba
759 3041 888 3094 codicillm
901 3043 1002 3108 profert
1020 3055 1038 3090 a
1054 3039 1175 3104 defuncto
1191 3036 1275 3102 impe·
1314 3061 1318 3072 ·

169 3114 255 3160 ratore
268 3107 386 3174 scriptor.
415 3107 535 3160 Tutelam
552 3117 578 3163 et
594 3111 696 3176 imperii
712 3109 963 3160 administrationem
979 3107 1061 3158 uariis
1075 3103 1218 3158 rationibus
1232 3119 1276 3154 oo·

169 3183 250 3229 natur
272 3175 324 3230 eibi
346 3191 475 3244 arrogare
498 3177 554 3246 (2).
593 3179 789 3230 Cantaeuaenue
804 3174 955 3244 respondet.-
984 3174 1196 3227 administratam
1213 3189 1231 3224 a
1247 3188 1276 3226 oe

168 3245 356 3313 rempublicam
372 3245 452 3298 etiam
468 3247 527 3299 oioo
541 3248 698 3316 imperatore
703 3263 714 3310 ‚-
730 3263 788 3298 cum
803 3263 853 3316 quo
865 3260 966 3313 temper
982 3243 1186 3297 coniunctissime
1202 3240 1275 3294 nine·

168 3315 214 3366 rit.
247 3315 302 3366 Sua
314 3331 380 3384 erga
397 3315 471 3367 illum
488 3317 582 3370 merita
594 3323 782 3369 commemorat.
818 3315 893 3367 lilius
906 3331 973 3384 erga
989 3331 1017 3368 se
1030 3311 1232 3368 benevolentiam
1248 3315 1276 3364 et

169 3389 279 3454 gratian
296 3385 412 3436 animum
426 3385 573 3453 praedicat.
609 3385 716 3455 lmperii
732 3385 885 3438 mmortium
897 3401 943 3436 cur
955 3400 984 3436 eo
997 3383 1134 3452 superstite
1150 3381 1275 3450 repudia-

170 3453 247 3505 verit.
278 3451 413 3506 codicillos
425 3471 443 3506 a
457 3454 613 3522 patriarcba
628 3457 743 3523 prolmos
754 3453 790 3508 ad
802 3453 877 3508 aliud
888 3461 988 3522 tempus
1002 3451 1168 3520 pertinuisse.
1194 3451 1276 3502 Tute-

171 3519 226 3574 iam
240 3527 266 3574 et
278 3523 382 3590 imperii
391 3523 643 3576 administrationem
656 3527 710 3592 ipsc
722 3525 779 3576 iure
790 3540 869 3592 penes
880 3539 907 3576 sc
920 3523 1043 3576 recidere.
1062 3520 1201 3588 Reliquum
1212 3534 1277 3582 esse,

170 3597 202 3642 ut
211 3591 290 3658 filiae
306 3607 370 3644 runc
388 3599 413 3646 et
429 3593 536 3646 iunioris
552 3594 716 3662 imperatorie
729 3593 838 3660 nuptiae
853 3593 1021 3660 perficiantur
1038 3587 1092 3657 (8).
1125 3591 1277 3656 Apoeoueuo

172 3659 729 3798 tettfflmntttmtot
740 3669 886 3798 “lim
898 3657 1277 3796 “exmilitem

172 3798 328 3850 moderatio.
354 3799 560 3867 Apocaueioires
574 3801 701 3870 infimae.
725 3801 835 3853 Animus
845 3815 989 3868 peroereus.
1025 3797 1201 3850 immoderata
1218 3813 1277 3848 am-

173 3867 245 3920 bitio.
274 3867 330 3920 Are
341 3867 515 3937 Epibatansm
533 3875 559 3924 ei
572 3871 628 3922 alia
644 3871 753 3924 castella
770 3870 997 3930 clarmuntem,
1013 3867 1041 3920 in
1055 3883 1117 3935 quoi
1128 3882 1198 3920 urae.
1223 3865 1278 3932 (4).

175 3934 277 3988 Milites
291 3935 471 3990 &ntaosamo
486 3939 577 4008 palam
588 3943 693 4006 fauent.
727 3940 759 3992 ln
770 3939 869 3991 salesmi
879 3943 1042 3992 sacramento
1053 3935 1209 3988 mentionem
1222 3935 1278 3987 eius

167 4006 284 4072 sariunt.
323 4005 393 4060 linus
409 4009 498 4062 stricto
513 4009 605 4078 gladio
622 4010 651 4062 in
667 4010 832 4078 Apoeaucum
848 4008 934 4062 irruit.
978 4005 1134 4076 imperatris
1149 4020 1208 4056 eum
1223 4002 1278 4055 suis

175 4073 385 4128 Cantaeuaenum
401 4078 508 4144 suppleo
522 4084 588 4132 orat.
623 4077 661 4132 lio
676 4085 808 4147 consperto
822 4077 948 4130 turnultus
958 4075 1073 4130 sedatus.
1108 4073 1208 4135 Oratio,
1224 4087 1278 4139 msa

173 4141 219 4195 ille
241 4144 451 4198 aduersariorum
472 4147 663 4214 improbitatem
679 4156 769 4212 notat,
791 4147 954 4200 elementiam
972 4151 998 4198 ct
1014 4143 1185 4197 mmanttnn
1201 4157 1279 4193 mam

173 4213 344 4268 commendat.
379 4215 558 4268 Demosthenis
573 4217 686 4281 dictum,
704 4235 722 4270 a
739 4218 859 4288 Gregorio
875 4221 1023 4270 comeciam·
1060 4210 1236 4265 Camoni
1251 4215 1279 4263 et

171 4283 306 4348 monaci
322 4283 425 4337 dioersa
441 4285 578 4349 instituta,
595 4283 691 4340 dicerni
701 4288 799 4350 eritne,
824 4291 850 4338 et
870 4285 978 4353 inceptio
994 4282 1180 4335 convenientes.
1209 4279 1280 4331 Can·

173 4353 315 4404 taenaenus
326 4369 356 4404 eo
367 4371 418 4406 uno
431 4354 608 4418 damnandnm,
620 4357 689 4424 prod
701 4371 793 4424 paoem
806 4355 929 4407 eecleriae
944 4351 1046 4408 turbari
1059 4347 1206 4420 permiserit
1222 4347 1279 4415 (5).

173 4419 328 4488 Apocaueus
349 4421 519 4492 inceptorem
541 4423 653 4480 desistit.
696 4427 919 4490 ilantaeuaenum,
944 4422 978 4477 de
993 4437 1021 4478 so
1038 4419 1134 4487 optim
1149 4417 1279 4479 nmirum,

244 4507 405 4578 nomm
419 4509 529 4582 magn.
551 4509 655 4567 onst.
1030 4494 1073 4557 8⁷
