3064 4828
383 301 615 372 HISTORIAE
636 301 914 372 BYZANTINAE
934 300 1021 370 xv1.
1040 304 1070 373 5.
1196 288 1271 362 821·

172 466 333 552 βεβηκίναι
353 463 464 550 τύχας,
497 463 548 532 διό
564 493 596 534 τε
614 466 687 542 τούς
706 473 762 551 τῆς
786 463 959 551 πραότητος
979 462 1113 552 τρόπους
1136 467 1187 530 καί
1208 460 1267 532 ὅσα
1283 477 1312 530 Δ,
1324 479 1353 527 c,
1365 471 1432 530 1847

172 571 279 660 uderipi
295 577 412 656 προσῆν
427 571 459 634 ἐκ
479 569 599 656 φύσεεος
621 571 708 655 λ’τερα
722 569 763 634 roi
775 569 917 656 χρηστὰ,
946 571 1077 634 ίλπίδων
1092 567 1168 651 ἔχειν
1184 570 1215 633 ἐν
1230 547 1431 667 &trogmo-

174 680 260 762 ιγοχῇ
274 675 527 755 λειμῶνας-εἰπεῖν
540 671 680 758 ἀγαθούς
694 672 847 754 ξυνίβαινε
860 670 996 754 μάλιστα
1011 669 1144 751 πόντων,
1167 667 1268 736 λύσειν

174 775 268 840 αὐτόν
283 776 393 840 αὐτίκα
413 782 468 858 τῆς
480 781 642 859 βασιλικῆς
655 777 795 852 ἔξουσίας
814 775 1032 858 ἐπειλημμένον,
1043 774 1100 858 τὴν
1114 779 1170 858 τῆς
1183 772 1269 843 triur-

150 890 167 943 5
172 879 257 960 βειάς
273 879 402 966 οἷομίνηι
418 880 613 962 πολιορκίαν,
637 875 677 961 ἣν
701 878 729 942 ui
745 884 801 960 τῆς
823 877 1025 962 ἀντικειμένης
1038 877 1172 964 φατρίας
1187 881 1269 956 ΙΤελ-

169 991 249 1063 χῖνες
275 978 417 1066 πονήρως
442 979 622 1066 ἀνίφλεγον·
649 981 699 1045 καί
714 977 806 1048 τοῦτό
821 1007 873 1064 μοι
888 987 951 1046 τῶν
964 975 1170 1064 μοχθούντων
1184 983 1299 1064 λογι-Ι)

171 1089 258 1164 σμῶν
282 1085 408 1168 ἐγίγνετο
436 1079 598 1166 κατάλυμα
630 1083 778 1168 τερπνόν,
810 1087 861 1148 καί
884 1085 1055 1168 φροντίδων
1081 1081 1267 1148 ἀλισθαίνειν

170 1188 212 1260 εἷς
236 1183 407 1270 ἀπόγνωσιν
425 1187 663 1252 κινδυνευονσῶν
686 1182 786 1270 πρᾶός
808 1210 855 1266 τις
877 1189 927 1250 καί
954 1187 1054 1271 γε’μων
1077 1181 1268 1272 εὐφροσύνης

171 1287 318 1373 ζέφυρος·
346 1288 490 1376 οίομίνρι,
520 1286 663 1374 καθάπερ
686 1288 721 1354 ul
747 1288 801 1373 ἔαρ
824 1289 1000 1373 ἐλευθερίαν
1026 1293 1089 1354 τῶν
1107 1287 1267 1374 χειμερίων

125 1403 160 1460 lo
171 1397 274 1475 νεφῶν
294 1401 363 1466 ταῖς
386 1387 526 1472 ἡλιακαῖς
548 1389 647 1456 ἀκτῖσι
678 1392 857 1478 παρέχεται,
891 1389 990 1467 ούτως
1013 1392 1188 1477 ἐλευθερίαν
1210 1395 1267 1473 τῆς

169 1489 357 1575 κατεχούσης
384 1489 459 1577 ὑπὲρ
490 1499 552 1558 τῶν
576 1495 671 1560 θείων
701 1469 863 1578 δογμάτωδ
891 1492 991 1578 λύπης
1015 1490 1151 1580 εύρήσειν
1177 1491 1263 1574 κάμέ.

170 1595 244 1682 (Δ.)
267 1595 347 1660 Ἐπεί
372 1594 405 1658 δ’
429 1592 471 1670 ῶς
493 1593 683 1682 πορρωτάτω
709 1603 765 1680 τῆς
784 1597 860 1678 inne
881 1595 940 1680 ἤδη
960 1594 1122 1680 ἀπόδημον
1143 1592 1298 1680 γνῶμηςΙλ

168 1694 273 1782 ἕῶρων
296 1697 408 1782 αὐτόν,
434 1700 484 1762 καί
510 1698 545 1764 τὸ
569 1705 631 1766 τῶν
651 1699 778 1785 εὐγενῶν
796 1700 915 1765 ἐκείνων
931 1699 1062 1766 ἐλπίδων
1076 1697 1195 1762 ἀνθοῦν
1217 1699 1266 1760 ἓν·

169 1801 315 1884 διαίτημα
347 1795 571 1886 μαραινόμενόν
600 1825 633 1866 τε
659 1803 708 1866 καλ
735 1807 774 1886 τῇ
799 1807 856 1884 τῆς
877 1801 1017 1877 ἐναντίας
1036 1802 1150 1884 μοίρας
1175 1801 1266 1887 κακίᾳ

126 1919 158 1972 15
168 1910 374 1987 παραχωροῦν
390 1929 422 1968 τε
443 1906 494 1968 καὶ
517 1901 665 1981 καθάπαξ
684 1901 875 1988 ἡττώμενον,
896 1904 1057 1984 βέλτιστον
1074 1902 1174 1980 ἔδοξεν
1191 1897 1269 1966 είναί

166 2031 230 2088 μοι,
251 2005 308 2082 τὰς
323 2011 384 2072 τῶν
398 2003 550 2090 ζητήσεων
564 2005 660 2082 ἀλλος
677 2005 781 2082 ἀλλοις
796 2002 1065 2093 παρακεχωρηκότι
1078 2009 1263 2091 περιφανῶς,

168 2105 278 2178 ὁπόσαι
298 2108 355 2192 τὴν
372 2115 434 2174 τῶν
449 2108 620 2193 ἀναγκαίων
634 2111 764 2196 πορίζειν
776 2108 896 2192 ἔχουσιν
910 2108 1043 2189 ἔνδειαν,
1071 2110 1119 2172 dni
1134 2106 1169 2173 τδ
1188 2131 1265 2193 προ-

165 2213 269 2296 μηθὲς
281 2207 374 2293 ὁμόσε
390 2218 444 2296 τῆς
456 2218 511 2278 τοῦ
525 2214 616 2299 φίλου
633 2213 831 2298 κεχωρηκέναι
845 2218 957 2296 ψυχῆς.
984 2207 1180 2298 στρατόπεδα
1193 2209 1294 2295 pcipi*

166 2310 210 2390 ῶς
229 2317 339 2395 είπεΐν,
367 2319 520 2398 λογισμῶν
534 2317 741 2380 παντοδαπῶν
756 2317 808 2380 καὶ
821 2317 984 2396 ποικίλων,
1006 2311 1067 2402 ἀφ’
1081 2310 1205 2400 ἡγεμόνι
1219 2318 1263 2401 τῷ

124 2414 248 2504 λοζήλφ
266 2423 322 2496 τοῦ
346 2418 518 2502 κρείττονος
539 2419 570 2482 iv
587 2419 653 2502 ἐμοὶ
670 2421 813 2502 διηνεκῶς
833 2413 1095 2503 συγκροτούμενα,
1121 2412 1264 2482 θανάτου

67 2579 78 2622 t
164 2521 320 2605 γίμουσαν
342 2516 416 2584 εἶναι
439 2519 495 2604 τὴν
518 2522 668 2586 ἐνταυθοῖ
686 2521 804 2606 σιωπὴν
824 2516 1004 2586 ἀπετίθεντο
1014 2569 1024 2600 ,
1042 2515 1195 2604 Ισῶματος
1207 2518 1264 2600 μέν

163 2623 240 2698 ἴσως
254 2620 364 2706 ἥκιστα
372 2672 383 2702 ,
409 2629 518 2706 ψυχῆς
534 2647 566 2707 γε
586 2623 649 2707 μὴν
669 2625 720 2688 καί
740 2621 827 2706 μάλα
843 2618 989 2706 μάλιστα.
1016 2623 1097 2705 μηδὲ
1115 2621 1174 2706 γὰρ
1187 2619 1264 2706 ἀφε-

164 2723 276 2792 στάναι
292 2719 413 2806 δειλίας,
432 2727 590 2808 αἰσχίστου
605 2723 791 2809 νοσήματος,
808 2724 844 2790 τὸ
859 2723 913 2789 τάν
928 2731 981 2789 τοῦ
999 2721 1089 2807 ζήλου
1102 2720 1265 2809 θησαυρὸν

165 2827 290 2919 ἀφωνίη
307 2834 413 2918 μακρᾷ
433 2823 637 2911 θαλαμεύειν,
662 2827 741 2912 μηδ’
758 2821 799 2895 cd
819 2825 936 2912 ἀγνοεῖν
961 2823 1045 2910 ἡμᾶς
1050 2875 1061 2908 ,
1084 2824 1138 2891 τδν
1161 2825 1194 2890 ἓν
1214 2831 1259 2916 τῷ
1268 2827 1298 2881 P·
1308 2825 1359 2882 518

165 2989 321 3073 paraturiam
335 2989 486 3074 dignitatern
504 2994 707 3073 meteremus,
723 2989 784 3074 mibi
801 2991 904 3072 iuquam
924 2989 957 3072 μδ
967 2989 1103 3076 ‘ingenium
1123 2985 1265 3072 illud'mite

164 3059 1265 3250 μεωοααωωκκαωωκωε,λαωωωωε

194 3197 243 3250 cile
258 3196 452 3280 persuaderem,
471 3213 542 3261 eum,
560 3197 646 3249 statim
664 3203 742 3318 ρλησε
760 3213 843 3250 rerum
864 3197 992 3266 potiturus
1012 3193 1265 3317 imildctidiilgdiidii

164 3265 1094 3404 tranenses

165 3409 220 3456 tum
233 3405 306 3474 quasi
321 3403 507 3466 diversorium,
526 3420 694 3473 curarumque
708 3403 742 3456 ad
754 3403 959 3474 desperationem
972 3401 1133 3473 vergentium
1145 3403 1265 3464 solamen,

165 3475 282 3542 zephyro
296 3472 346 3524 leni
362 3481 390 3526 et
411 3472 522 3524 iucundo
540 3472 609 3524 haud
626 3471 749 3532 absimile.
784 3472 908 3525 Putabam
925 3472 1037 3534 scilicet,
1056 3471 1265 3540 quemadmodum

165 3558 212 3594 ver
231 3541 347 3594 bibernis
363 3541 481 3594 nubibus'
494 3541 589 3594 liberat
607 3541 667 3594 solis
684 3541 783 3606 radios,
800 3541 838 3595 ita
854 3551 882 3594 et
893 3557 933 3594 me
953 3541 1086 3594 liberatum
1101 3539 1135 3593 iri
1149 3555 1180 3592 eo
1196 3555 1266 3592 moe·

164 3607 1269 3733 '⁰'3v’dlillllnttlllilil²²ittlll²liltlniiddili‘ll'ldiilli

164 3695 223 3800 iilis
244 3765 322 3817 spes,
342 3763 408 3868 ηοαο
421 3747 482 3800 mibi
500 3695 690 3801 floruidinsor
703 3765 761 3801 sese
773 3748 930 3812 obtulerant,
950 3695 1172 3812 marceadere,pac
1187 3743 1268 3815 partia

165 3817 292 3870 adversae
309 3833 348 3868 ma
359 3815 462 3884 ignituti
480 3817 557 3872 semel
576 3817 676 3870 omniuo
694 3817 776 3870 uictas
794 3817 903 3878 eederet
921 3817 1041 3886 optimum
1056 3834 1113 3869 ease
1127 3815 1189 3868 duri
1205 3815 1268 3867 aliae

165 3885 305 3954 petitiones
319 3885 377 3938 aliis
397 3885 473 3956 plene
492 3886 652 3954 relinquere,
670 3903 715 3939 eas
732 3903 821 3956 nempe
836 3903 903 3954 qnae
918 3887 952 3938 ad
972 3885 1166 3955 comparandam
1184 3897 1268 3936 rarum

165 3957 369 4007 necessariarum
382 3953 480 4024 copiam
497 3953 663 4023 pertinerent,
678 3955 704 4008 in
718 3972 771 4008 eom
784 3961 867 4007 autem
882 3971 969 4006 curam
981 3955 1126 4006 incumbere
1139 3969 1187 4014 me,
1201 3967 1269 4019 quas

164 4022 239 4076 amici
253 4025 352 4076 animae
366 4023 520 4076 compleret.
555 4023 735 4091 Cogitationes
753 4025 849 4092 quippe
862 4022 1015 4092 multiplices
1027 4028 1055 4074 et
1068 4021 1158 4074 variae
1171 4021 1197 4070 in
1211 4019 1266 4070 ani·

164 4107 205 4144 mo
221 4109 286 4158 meo,
304 4091 375 4144 uelut
386 4091 500 4160 legiones
515 4093 655 4161 quaedam,
672 4091 847 4146 laudabilioris
860 4091 910 4144 zeli
925 4091 1049 4162 auspiciis
1064 4089 1270 4158 glomerabantur

164 4167 309 4242 perpetuo,
327 4167 405 4230 atque
422 4161 470 4213 hoc
491 4161 547 4213 loco
562 4161 706 4224 silentium,
723 4159 842 4212 siminus
859 4161 927 4212 sorte
948 4159 1064 4228 corpori,
1083 4157 1181 4208 animae
1198 4163 1269 4208 certe

163 4232 321 4282 morteferum
329 4246 435 4298 prorsus
449 4247 506 4282 esse
519 4230 719 4292 submonebant:
737 4245 785 4280 nec
798 4230 863 4282 enim
871 4227 968 4280 distare
976 4229 1009 4280 ab
1021 4224 1135 4294 ignavia,
1144 4224 1188 4292 qui
1201 4241 1267 4275 mor·

163 4295 212 4351 bus
227 4299 391 4369 turpissimus
408 4305 465 4365 est,
483 4297 535 4352 ulto
555 4297 658 4354 silentio
678 4297 805 4368 sepultum
828 4297 877 4352 zeli
899 4298 1064 4356 thesaurum
1087 4309 1170 4363 neque
1190 4293 1267 4346 etiam
