3034 4828
245 272 320 346 66⁰
544 277 779 350 memnona
800 275 1039 363 GREGORAE

81 461 110 512 λ.
122 459 154 510 Μ.
167 458 233 514 6851
241 441 376 532 μάλιστα
397 445 563 527 διαβαίνειν
583 446 723 524 ἐπίδοξος
742 437 782 531 ἦν
805 441 822 511 δ
843 442 988 528 βασιλεὺς
1014 443 1094 509 κατδ
1116 445 1173 532 την
1195 441 1347 514 ἐπάνοδον

114 531 208 586 mn
243 547 322 634 ὅμοῶ
345 556 390 638 τῷ
412 556 556 638 στρατῷ,
592 546 634 626 ῶς
656 548 695 615 sir
716 551 861 636 ἐξαίφνης
875 548 1019 633 άγνοοῶσι
1044 549 1112 634 περί
1127 551 1183 635 τὴν
1202 547 1348 634 διάβασιν

244 648 470 730 ἐπεισπεσόντες
490 649 673 738 περιβόητον
696 649 832 737 στήσωσι
852 648 1000 738 τρόπαιον
1017 651 1050 716 lv
1070 657 1189 737 βραχεῖ.
1217 651 1349 730 τούτους

242 783 277 844 γε
295 755 359 842 μὴν
390 755 421 821 oi
447 751 620 842 πρόδρομοι
646 761 709 821 τῶν
733 759 930 841 στρατιωτῶν
957 758 1013 818 τοῦ
1043 757 1196 836 βασιλέως
1226 755 1351 843 πόρρω-

243 866 302 926 θεν
324 855 512 942 θεασόμενοι
537 858 630 924 αὗταί
654 883 687 924 τε
702 853 912 944 ἀπεγνώκεσαν
935 859 986 921 καί
1008 859 1131 942 μακράν
1152 858 1209 943 τὴν
1233 861 1372 926 δειλίανὸ

148 972 312 1038 Wlfflin&
327 968 501 1046 βασιλικαῖς
516 959 682 1044 δυνάμεσιν
694 957 929 1045 έμβεβλήκεσαν.
984 955 1054 1048 (Δ.)
1080 964 1145 1026 Καί
1164 958 1239 1044 τάχ’
1258 960 1297 1028 ἂν
1315 963 1349 1028 ἐν

214 1067 346 1155 Εέκείνῳ
359 1072 414 1148 τῆς
429 1065 512 1151 ῶρας
524 1067 724 1152 ἐφθείροντο,
750 1062 864 1147 μεταξδ
880 1066 967 1150 δυοῖν
982 1070 1124 1149 στρατῶν
1138 1066 1291 1146 πολεμίων
1307 1061 1350 1140 ῶς

245 1169 277 1234 έν
295 1165 409 1257 δικτάῳ
427 1169 671 1252 συνειλημμένοι,
707 1169 758 1232 καί
778 1165 844 1250 ἅμα
864 1173 920 1232 τοῦ
941 1173 1082 1246 ποταμοῦ
1103 1167 1162 1251 τὴν
1176 1191 1349 1252 στρατοπε-

246 1273 330 1337 δείαν
349 1273 400 1336 καί
422 1271 479 1356 τὴν
503 1271 702 1358 ὀφειλομένην
723 1267 896 1358 παράταξιν
909 1266 1097 1348 κωλύοντος,
1126 1271 1152 1335 εί
1167 1268 1212 1355 μὴ
1225 1269 1301 1346 θεδς
1316 1271 1350 1354 ξιτ
1500 1323 1501 1380 3

244 1381 302 1440 τοῦ
317 1373 425 1458 σχεδδν
440 1371 674 1460 ἀπροσδόκητον
696 1374 858 1459 ἐχαρίσατο
873 1371 930 1456 τὴν
944 1373 1104 1460 ἐπίκουρον
1123 1383 1232 1459 χεῖρα·
1260 1372 1296 1448 ὃς
1309 1372 1349 1437 roi
1359 1383 1396 1436 10
1500 1391 1501 1470 3

245 1477 302 1560 μὲν
322 1473 563 1560 προσδοκώμενα
586 1473 732 1552 πολλάκις
757 1474 900 1562 ἄπρακτα
921 1477 1046 1559 τίθησι,
1081 1485 1146 1552 τοῖς
1167 1477 1202 1540 δέ
1219 1479 1352 1560 μηδαμῆ

247 1582 489 1666 προσδοκηθεῖσι
516 1580 618 1657 δεξιάν
638 1581 794 1665 χαρίζεται
813 1578 872 1662 τὴν
895 1581 990 1660 λῆξιν.
1013 1575 1203 1654 Ἀπόκαυιιος
1222 1577 1350 1666 μὲνγὰρ

247 1685 342 1773 δειλίην
366 1689 473 1771 μακρᾷ
495 1682 552 1767 τὴν
574 1680 674 1769 ὁρμὴν
695 1681 881 1765 ἀνεχαίτισεν
901 1677 1032 1746 ἑαυτοῦ·
1061 1680 1139 1768 ιἰνὴρ
1163 1683 1200 1746 δέ
1220 1707 1266 1757 τις
1287 1687 1351 1746 τῶν
1500 1675 1501 1768 ί

152 1788 184 1841 P·
192 1786 420 1872 419ίγχωρίων,
449 1785 518 1871 άρτι
540 1785 597 1869 τὴν
620 1790 805 1872 Τριβαλλῶν
818 1782 947 1871 διαδράς
968 1783 1142 1870 προνομὴν,
1169 1775 1241 1868 ἧκεν
1255 1781 1352 1850 αότό-

247 1895 343 1974 μολος
366 1895 534 1972 τηνικαῦτα
548 1895 593 1977 τῷ
613 1893 752 1972 βασιλεῖ,
781 1887 885 1964 δείξειν
907 1884 1160 1971 ἐπαγγελλόμενος
1173 1884 1280 1974 ἑτέραν
1293 1892 1395 1972 τῆςίό

249 1991 438 2076 ἐγνωσμένης
452 1988 612 2074 διάβασιν,
650 1993 676 2056 εί
691 1989 930 2075 δαψιλεστέρους
946 1989 1019 2064 τοδς
1029 1989 1166 2072 μισθοδς
1183 1988 1347 2072 ἀπολάβοι.

248 2093 299 2158 ἐπὶ
319 2093 358 2176 δὴ
379 2090 531 2168 τοιοότοις
553 2099 598 2182 τῷ
618 2099 744 2176 βασιλεῖ
758 2098 814 2176 τῆς
836 2089 1009 2175 διαβάσεως
1031 2093 1210 2177 γενομένης,
1237 2095 1351 2158 ἐκπλα-

247 2196 349 2282 γέντες
360 2195 476 2262 ἐκεῖθεν
486 2197 515 2261 oi
532 2197 702 2282 Τριβαλλοὶ
714 2195 750 2261 τὸ
765 2201 822 2260 τοῦ
836 2193 1018 2282 πράγματος
1039 2193 1216 2280 παράδοξον
1230 2195 1351 2284 ᾤχοντο

247 2299 306 2382 τὴν
322 2301 470 2382 ταχίστην
483 2298 541 2364 rival
558 2297 616 2383 τὴν
628 2297 736 2385 χώραν
753 2297 846 2374 ἄλλος
861 2298 975 2364 tranat
989 2299 1271 2374 διασκεδασθέντες.

216 2419 240 2474 Β
325 2397 365 2484 η’.
389 2400 481 2468 Otto
502 2403 536 2466 δὲ
559 2408 661 2467 κακῶν
681 2401 791 2484 ἀπαθῆ
809 2400 887 2488 πρδς
901 2399 1053 2488 Βίῤῥοιαν
1067 2403 1280 2467 διασεσῶσθαι
1295 2401 1397 2468 τδνΞο

246 2504 376 2588 βασιλέα
384 2501 575 2582 Ἀπόκαυκος
597 2503 736 2588 άκηκοῶς
755 2500 833 2587 δμοῦ
855 2511 900 2592 τῷ
914 2511 1038 2592 στρατῷ
1064 2503 1119 2569 οὔκ
1136 2505 1277 2586 ένίβαλεν
1294 2502 1352 2594 (ῶς

246 2604 377 2694 ἴφημεν)
392 2607 488 2683 εδθδς
504 2611 546 2683 είς
562 2607 619 2692 τὴν
640 2609 803 2689 πολεμίαν,
832 2605 906 2672 ἀλλ’
923 2603 1023 2692 tonse
1037 2613 1093 2691 τῆς
1107 2603 1212 2692 ὁρμῆς.
1240 2609 1274 2672 ἐκ
1289 2608 1350 2695 γάρ

246 2717 303 2776 τοῦ
324 2717 460 2798 φανεροῦ
482 2717 623 2794 πολεμεῖν
643 2712 695 2776 καί
714 2707 871 2794 συστάδην
893 2715 1051 2776 ποιεῖσθαι
1074 2708 1131 2786 τάς
1151 2707 1254 2795 μάχας
1271 2710 1350 2799 πρὸς

317 2855 360 2910 17.
377 2850 423 2910 tol
436 2853 472 2926 δὴ
491 2873 557 2911 corr.
574 2856 650 2910 Boiv.
667 2873 717 2928 pro
733 2851 837 2928 ἐπειδὴ.

247 2973 387 3042 elicuere,
405 2993 456 3048 qua
469 2977 577 3032 maxime
591 2983 666 3048 parte
681 2994 737 3030 eum
750 2993 807 3029 cum
823 2974 940 3028 exercita
957 2973 1105 3028 redeuntem
1119 2975 1285 3030 traiecturum
1298 2993 1349 3046 pn-

246 3046 353 3110 tabant3
370 3053 400 3098 ut
418 3047 558 3116 derepente
578 3047 605 3101 in
624 3047 708 3118 ipsum
726 3064 775 3098 nec
796 3044 943 3114 opinantem
958 3044 1026 3098 circa
1041 3047 1175 3098 transitum
1194 3046 1292 3115 impetu
1308 3047 1350 3098 fa·

246 3123 305 3179 cto,
328 3123 460 3186 tropaeum
478 3117 578 3169 illustre
596 3119 669 3170 brevi
685 3117 878 3168 constituerent.
920 3113 976 3166 Hos
990 3131 1053 3166 vero
1067 3113 1287 3183 imperatorioram
1302 3116 1351 3168 mi-

246 3183 320 3237 liturn
331 3201 511 3254 praecursores
526 3187 671 3254 conspicati
694 3184 781 3256 procul
800 3189 827 3235 et
845 3183 897 3252 ipsi
915 3181 1024 3234 animum
1038 3182 1243 3252 desponderant,
1261 3190 1289 3237 et
1302 3199 1350 3252 pa·

248 3253 319 3305 roris
330 3255 434 3306 multum
447 3255 572 3307 exercitui
585 3255 732 3306 irriccemut.
767 3253 841 3318 (lv.)
859 3255 897 3303 Ac
910 3251 1029 3302 fortassis
1044 3251 1089 3304 illa
1104 3253 1163 3334 ipsa
1183 3253 1247 3305 bora
1259 3251 1350 3320 prulli-

250 3321 306 3390 gati
319 3321 442 3386 transcat,
459 3323 529 3374 inter
544 3322 650 3374 hostiles
668 3323 731 3374 duos
749 3321 877 3373 exercitus
900 3320 974 3387 quasi
992 3319 1061 3372 intra
1080 3330 1146 3374 retra
1166 3319 1350 3389 comprehensi,

249 3388 353 3442 flumine
370 3390 427 3458 ipso
441 3392 568 3454 obstante,
586 3407 636 3459 quo
649 3390 731 3442 minus
747 3395 793 3441 aut
806 3393 1063 3453 castrametarentur,
1081 3397 1127 3442 aut
1141 3391 1221 3442 aciem
1240 3389 1291 3442 rita
1308 3391 1350 3442 ia-

249 3463 395 3521 stnaercnt3
412 3459 461 3510 nisi
474 3459 550 3510 Deusv
563 3457 703 3528 derepente
722 3463 749 3510 et
767 3475 800 3510 ex
818 3455 957 3524 improviso
977 3473 1076 3510 manum
1095 3459 1147 3511 illis
1165 3459 1351 3512 commodasset

250 3524 419 3580 adiutricem:
437 3527 508 3579 Deus
522 3527 640 3596 inquam,
658 3527 701 3595 qni
715 3533 742 3579 st
756 3543 833 3596 saepe
850 3525 947 3578 infecta
959 3526 1046 3578 reddit
1059 3545 1106 3590 ss,
1124 3544 1229 3596 quorum
1243 3527 1351 3580 maxima

249 3600 309 3648 erat
321 3595 492 3663 exspectatio,
509 3603 536 3648 et
550 3597 593 3660 iis,
610 3613 675 3664 qaae
689 3595 789 3648 minime
803 3594 923 3662 praevisa
934 3595 1045 3658 merant,
1061 3597 1187 3650 secundos
1199 3597 1284 3649 exitus
1296 3597 1351 3648 lar·

249 3663 331 3732 gitur.
365 3665 433 3717 Nam
450 3665 600 3733 Apocaacus
619 3665 719 3734 quidem
738 3663 878 3716 timiditate
893 3679 989 3716 summa
1007 3681 1078 3717 sunm
1096 3665 1152 3733 ipse
1169 3665 1290 3734 impetam
1309 3681 1352 3718 re·

269 3731 355 3785 ressit.
390 3733 439 3786 Vir
453 3741 537 3787 autem
551 3733 653 3804 quidam
670 3751 702 3787 ex
721 3733 789 3786 illius
805 3732 855 3786 loci
874 3731 966 3784 incolis
983 3733 1155 3786 Triballorum
1176 3733 1353 3803 praedationi-

249 3749 299 3856 bus
315 3817 397 3872 anper
409 3803 513 3874 elapsus
530 3803 597 3856 ultro
612 3811 665 3856 tum
678 3805 712 3856 ad
725 3803 903 3872 imperatorem
918 3801 1073 3870 transfugit,
1089 3803 1270 3922 promisitqbns,
1283 3802 1354 3854 indi-

248 3877 366 3924 caturum
380 3889 410 3924 ss
423 3873 448 3924 ei
462 3873 538 3926 aliam
558 3872 590 3924 ab
610 3889 642 3924 aa
675 3889 724 3924 uae
737 3879 799 3924 nota
816 3877 873 3923 crat
886 3887 933 3938 per
948 3871 1042 3923 llamen
1053 3871 1137 3936 mam,
1154 3872 1177 3924 si
1190 3871 1212 3922 si
1231 3871 1239 3922 i
1253 3887 1353 3924 merces

248 3940 357 3992 daretur
376 3940 453 4010 paulo
474 3941 603 4012 pinguior.
672 3943 694 3994 's
715 3939 904 3994 conditionibus
922 3939 1071 3992 manamisso
1094 3940 1255 4009 imperatoris
1276 3957 1354 3993 exsr-

248 4007 320 4074 citu‚
338 4010 450 4079 perculsi
465 4011 504 4062 rei
521 4009 641 4062 miraculo
661 4010 773 4064 Triballi
790 4007 852 4062 indo
874 4009 970 4062 absunt
990 4007 1142 4074 celerrime,
1165 4007 1210 4062 alii
1230 4007 1282 4063 alio
1305 4025 1355 4080 per

249 4093 305 4131 cam
322 4079 453 4148 regionem
470 4078 589 4148 dispersi.

319 4149 345 4202 8.
364 4149 418 4202 Ubi
437 4153 587 4219 Apocaucus
609 4145 723 4200 illaesum
745 4144 924 4217 imperatorem
948 4146 1104 4201 Berrhoeam
1128 4163 1212 4216 usqne
1235 4145 1355 4200 eruisse

249 4229 307 4267 cnm
329 4218 445 4272 exercitu
469 4217 589 4288 accepit,
612 4233 663 4269 non
683 4215 783 4280 statim,
806 4221 836 4267 ut
851 4216 974 4280 diximus,
991 4215 1086 4286 irmpit
1102 4215 1130 4270 in
1146 4215 1289 4280 hosticum,
1307 4215 1354 4268 sed

249 4281 372 4355 impetam
388 4285 494 4342 remisit.
529 4291 626 4359 Aperta
637 4285 709 4342 eninr
725 4283 812 4340 Marta
829 4301 946 4356 pugnare
960 4291 988 4340 et
1004 4286 1141 4341 comminus
1155 4301 1212 4340 mm
1231 4284 1353 4340 bellicoso
