2994 4830
330 333 563 404 meremur.
583 333 858 403 nrznuuman
872 331 1019 406 inum
1140 325 1216 422 τοι

122 508 250 588 πλῆθος
264 501 313 566 καλ
329 499 417 584 δίκην
437 499 565 582 βαθέων
583 505 684 588 νεφῶν
709 495 827 576 πάντας
851 497 925 575 τοδς
936 495 1023 566 ἐνδον
1044 503 1107 566 τῶν
1122 493 1217 566 ἐπάλ-
1234 499 1381 565 kil-1845

122 610 201 682 ξεων
216 601 376 687 ἀπήλασαν
390 604 424 668 ἐκ
437 611 493 670 τοῦ
506 610 705 690 παραχρῆμα,
720 603 817 686 μηδὲν
831 599 960 669 όθενοῦν
974 601 1099 685 ἔχοντας
1112 577 1380 696 όπλον,1ωήὲἒζήῖ“”

121 707 145 792 ἢ
168 704 393 794 φυλακτήριον,
421 703 441 790 ἢ
464 705 508 772 δι’
532 698 575 773 ὧν
599 706 761 790 ἀμυνεῖταί
781 730 828 782 τις
850 705 905 772 τόν
925 702 1049 771 ἐπιόντα
1062 705 1217 787 πολέμιον.

123 811 155 876 οἱ
170 812 204 874 δέ
216 812 256 876 τὰ
274 805 510 894 ἐκμοχλευτήριο
524 809 668 896 φέροντες
681 809 815 894 ὄργανα,
843 805 1020 894 προσιόντες
1042 807 1159 887 ἔξωθεν
1178 804 1315 873 efflet

101 933 158 986 5τε
171 915 256 997 τείχη
273 911 469 996 πολλαχόθεν
486 910 654 998 διώρυττον
679 915 730 978 καὶ
753 911 810 988 τάς
830 909 929 988 πόλος
944 907 1162 995 ἀνεμόχλευον·
1177 905 1221 987 ῶς

122 1017 157 1082 ἐν
168 1013 251 1082 πάνυ
274 1017 403 1105 βραχείᾳ
423 1021 531 1102 καιροῦ
547 1016 644 1102 ῥοπῇ,
671 1020 794 1081 πολλῶν
808 1011 1002 1098 πολλαχόθεν
1016 1021 1079 1081 τῶν
1093 1010 1221 1080 ελσόδων

121 1118 345 1202 ἀνοιχθεισῶν,
366 1115 484 1194 πόντος
497 1117 596 1203 ἀρδην
607 1122 762 1204 εἰσρυῆναι
774 1117 847 1194 τοδς
864 1119 1038 1202 πολεμίους.
1066 1109 1221 1207 (ΙΒ.)Ἦν

105 1218 193 1288 ·τότε
210 1225 286 1286 ἐδεῖν
297 1221 372 1297 τοδς
385 1222 442 1304 μέν
457 1221 588 1298 ἀθλιόυς
604 1223 735 1298 ἐκείνους
753 1220 887 1308 ἀφειδῶς
908 1221 1146 1307 ἀναιρουμένους
1170 1221 1223 1286 καὶ

123 1323 203 1410 πρδς
226 1323 306 1414 ᾅδην
326 1326 359 1389 ἐκ
381 1329 443 1390 τῶν
461 1326 541 1408 χθές
568 1326 779 1409 πεμπομένους
797 1327 934 1408 δεσμῶν·
967 1323 1043 1400 roric
1065 1325 1099 1390 δέ
1124 1320 1223 1411 φόνου
1298 1349 1301 1360 ·

84 1446 118 1498 10
126 1427 275 1503 πνέοντας
301 1425 416 1512 ἀνδρας
444 1427 575 1504 ἐκείνους
603 1431 646 1504 είς
666 1430 835 1504 πολυειδεῖς
861 1430 912 1494 καλ
935 1429 1074 1504 ποικίλας
1100 1426 1224 1515 σφαγδς

118 1531 302 1614 χρωμένους
320 1540 386 1607 τοῖς
406 1531 504 1617 ξίφεσι
527 1531 582 1608 §air
597 1537 695 1619 πολλῇ
709 1533 760 1596 καλ
781 1529 927 1613 μανιώδει
942 1533 1000 1597 rud
1020 1537 1059 1618 τῇ
1082 1526 1247 1614 ἀμότητιΒ

122 1636 175 1698 καὶ
190 1639 370 1720 βαρβαρικῇ
385 1640 424 1720 τῇ
446 1629 632 1720 θρασότητι.
659 1637 766 1719 γυμνοὶ
779 1636 836 1717 μέν
858 1627 913 1699 οὖν
925 1633 1064 1700 ἀσπίδων
1079 1633 1108 1699 oi
1124 1631 1222 1700 τάλα-

122 1759 174 1810 νες
191 1734 277 1812 όντες
296 1738 400 1801 ἐκεῖναι
416 1739 466 1802 καὶ
483 1736 604 1819 ἀοπλοι,
622 1739 673 1802 καλ
694 1733 806 1821 ήκιστα
825 1739 981 1824 διαφυγεῖν
1005 1735 1060 1801 τδν
1082 1733 1223 1822 παρόντα

123 1835 289 1922 δυνάμενοι
305 1841 463 1922 κίνδυνον,
491 1841 521 1906 οἱ
534 1841 590 1924 μὲν
603 1840 663 1926 ἤδη
676 1837 860 1920 ἐκόπτοντο,
888 1839 919 1906 oi
932 1839 965 1905 δ’
981 1837 1131 1922 ἐξεχέοντο
1147 1835 1242 1926 φεόχ

82 1959 115 2012 15
122 1965 231 2029 γοντες
245 1939 359 2008 οόνδοο
377 1944 428 2008 καὶ
445 1938 583 2030 σάντρεις
602 1946 653 2010 καλ
672 1943 753 2008 κατὰ
769 1949 909 2029 πλῆθος,
938 1944 989 2009 καλ
1013 1943 1065 2008 διά
1089 1947 1153 2008 τῶν
1167 1966 1224 2026 με·

123 2047 278 2128 σοτοίχων
297 2044 515 2134 καταῤῥέοντες
536 2049 568 2124 ἐς
584 2049 640 2133 τήν
657 2047 802 2132 ἐχομένην
813 2054 869 2131 τῆς
881 2047 967 2124 Νέας
978 2045 1075 2132 μονήν
1094 2045 1226 2131 διεμερό-

125 2145 216 2228 ζοντό
234 2173 269 2214 τε
293 2149 351 2226 τάς
371 2151 462 2226 θείας
484 2148 602 2228 εἰκόνας
622 2150 695 2216 ἀντ’
713 2149 809 2216 ἀλλον
826 2151 1036 2238 φυλακτηρίοο
1050 2148 1166 2224 παντὸς
1181 2148 1255 2214 tec

125 2258 185 2338 ροῦ
195 2271 205 2288 ·
232 2251 263 2317 ui
286 2253 319 2316 δ’
343 2253 551 2340 ἐνεχειρίζοντο
566 2255 606 2321 τό
628 2255 675 2322 ἐπλ
692 2260 749 2338 τῆς
763 2256 853 2330 θείας
869 2255 1019 2340 τραπέζης
1032 2258 1095 2318 τῶν
1105 2275 1227 2336 μυστη-

125 2357 203 2441 ρίων
219 2353 286 2440 ἱερά
303 2353 394 2440 σκεόη
403 2405 413 2436 ,
442 2354 632 2442 δυσωπήσειν
648 2355 780 2441 οέόμενοι
794 2357 867 2434 τοδς
886 2355 1019 2432 ἀναιδεῖς
1033 2357 1164 2432 ἐκείνους
1176 2356 1228 2420 καλ

82 2455 291 2540 θῠμανιῶδεις
313 2459 430 2546 λῃστὰς
449 2459 501 2526 διδ
522 2467 585 2526 τῶν
604 2458 771 2528 τοιοότων·
799 2460 829 2526 oi
850 2459 883 2526 δ’
904 2460 1100 2546 η’γκαλίζοντο
1122 2455 1180 2543 τήν
1194 2483 1235 2524 τε.

124 2563 219 2628 θείαν
240 2557 393 2648 τράπεζαν
415 2565 467 2628 καλ
480 2563 535 2629 τδν
554 2561 615 2631 ἀπό
635 2561 735 2652 ταότη
750 2564 929 2631 στυλίσκον·
956 2563 987 2629 οἶ
1002 2563 1036 2628 δὲ
1055 2557 1229 2647 γυμνούμε·

123 2691 176 2731 νοι
197 2665 301 2730 τέλεον
324 2667 484 2732 ἐθελονταὶ
498 2666 538 2732 sd
558 2664 665 2750 ἶμάτιοι
677 2668 739 2755 πρό
763 2670 867 2733 ποδῶν
888 2667 1067 2755 ἐρρίπτουν,
1095 2661 1228 2746 οέόμενοι

125 2767 181 2834 διὰ
202 2774 260 2852 τῆς
279 2765 462 2854 γομνιόσεως
478 2768 555 2857 πρδς
570 2767 671 2837 οέκτόν
687 2797 720 2838 τε
742 2766 888 2854 μαλάξειν
901 2769 955 2838 τὸν
969 2765 1095 2858 φονικὸν
1110 2765 1258 2834 &numu

197 2949 242 3002 21.
258 2945 446 3018 χυμνοόμενοι
462 2949 538 3005 Bois.
556 2968 604 3023 pro
616 2948 798 3022 ηυμνοόμιτοι.

125 3104 185 3154 beru
205 3101 329 3154 iacientes
349 3102 467 3172 repulere
488 3103 545 3156 illes
560 3121 646 3158 omues
662 3104 819 3175 derepente,
836 3102 882 3173 qui
895 3101 997 3154 mmmis
1008 3101 1035 3154 in
1048 3117 1229 3172 propugnacu-

125 3173 160 3226 lis
173 3171 294 3234 stabant,
311 3173 387 3224 armis
400 3174 567 3243 undecunque
580 3175 733 3238 destitutos,
751 3181 803 3226 tarn
816 3174 850 3227 iis
862 3175 954 3257 quibus
968 3191 1060 3244 eorpus
1073 3172 1228 3243 protegitur,

125 3257 206 3310 quarn
220 3239 271 3292 illia
284 3241 377 3308 quibus
390 3241 514 3311 ingruens
531 3244 613 3296 bostis
630 3243 802 3315 propulsatur.
837 3244 889 3298 Abi
902 3261 965 3297 veru
977 3251 1105 3297 tormenta
1122 3239 1227 3294 muralia

125 3309 318 3372 admovebant,
335 3311 494 3380 propiusque
508 3313 660 3366 accedentes
676 3313 771 3382 passim
784 3319 812 3366 et
824 3330 908 3367 muros
921 3313 1110 3384 perfodiebant,
1128 3319 1156 3366 et
1168 3325 1231 3380 por-

124 3389 170 3431 tas
187 3379 306 3431 vectibus
321 3379 530 3444 labefactabant3
546 3381 585 3434 ita
599 3390 628 3438 ut
640 3389 765 3435 momento
783 3383 920 3453 temporis,
957 3383 1068 3436 atefnete
1085 3381 1135 3434 sibi
1148 3379 1235 3434 multia

124 3449 153 3500 in
171 3447 236 3498 locis
251 3447 342 3511 aditu,
359 3449 472 3502 uniuersi
486 3467 592 3519 prorsus
606 3451 694 3504 hostes
706 3451 855 3521 irruperint.
890 3400 979 3520 (xli.)
996 3451 1049 3504 Iam
1064 3451 1154 3504 videre
1168 3455 1234 3514 erat.

124 3517 306 3569 infortunatus
321 3517 422 3584 quidem
437 3519 496 3571 illus
508 3519 592 3574 effuse
604 3519 731 3584 interimi,
749 3530 776 3574 et
787 3523 820 3574 ab
834 3521 963 3574 hesternis
977 3519 1085 3574 vinculis
1097 3521 1130 3574 ad
1146 3525 1233 3572 tunn-

125 3587 178 3638 lum
192 3585 342 3638 transferri:
359 3586 424 3638 istos
437 3593 520 3640 autem
531 3589 710 3658 sanguinarios
721 3589 791 3642 viros
804 3591 837 3643 ad
850 3591 942 3643 multas
955 3591 1092 3659 variasque
1104 3587 1231 3642 bominum

126 3654 225 3707 caedes
241 3654 335 3723 gladiis
347 3655 400 3718 uti,
419 3673 475 3708 curu
491 3657 590 3710 immani
604 3667 631 3711 et
647 3659 733 3712 furiali
750 3661 859 3728 quedam
877 3660 1029 3713 crudelitate
1046 3658 1231 3726 barbariosque

125 3725 244 3778 liuentia.
279 3723 403 3776 Destituti
417 3725 504 3794 itaque
520 3727 616 3796 clypeis
630 3727 762 3782 miserrimi
775 3729 828 3793 illi,
847 3745 902 3782 oum
918 3737 946 3783 et
959 3729 1070 3782 inermes
1087 3732 1187 3790 essem,
1204 3731 1232 3778 et

127 3811 255 3874 praesens
270 3793 409 3862 perieulum
422 3795 539 3864 effugere
552 3796 653 3851 minime
664 3805 783 3880 pensent,
801 3799 893 3868 partim
906 3799 956 3851 iarn
970 3799 1152 3860 caedebantur,
1170 3811 1231 3865 par·

127 3863 174 3914 tim
189 3879 215 3914 ru
230 3863 319 3926 fugam
332 3861 532 3916 effundebantur
544 3865 598 3917 bini
610 3877 743 3936 ternique,
761 3875 789 3920 et
802 3869 961 3932 catenatim,
978 3885 1009 3921 an
1023 3885 1069 3938 per
1081 3867 1230 3920 interiectos

92 3962 96 3966 -
127 3931 245 4000 parietes
259 3931 285 3984 in
300 3932 445 4014 contiguam
459 3935 574 3998 domum,
592 3936 659 4004 quod
673 3946 714 3990 eet
727 3938 802 3990 Neue
820 3935 1013 4000 monesterium,
1031 3935 1231 3994 delabebantur3

127 3999 284 4070 divinasque
302 4002 428 4069 imagines
445 4002 514 4055 inter
525 4021 555 4055 aa
571 4021 620 4072 pro
633 4005 684 4057 aliu
697 4005 765 4058 omni
782 4023 855 4058 sauro
872 4007 1032 4076 phylacterio
1048 4004 1231 4075 partiebantur.

128 4069 255 4122 Nonnulli
270 4070 374 4122 diuinae
388 4087 490 4124 mensae
502 4072 620 4140 imposita
635 4074 864 4143 apprehendebant
879 4091 952 4128 sacra
965 4074 1141 4144 mysteriorum
1156 4086 1232 4132 vasae

128 4137 180 4190 reti
192 4155 241 4207 per
253 4157 285 4192 ea
297 4139 417 4191 iniectum
429 4139 463 4192 iri
477 4141 597 4224 poderem
610 4144 740 4211 protervis
752 4145 803 4196 illis
815 4151 843 4196 et
855 4144 1000 4197 furibundis
1012 4141 1163 4226 latronibus.
1182 4139 1234 4226 Alii

127 4207 1145 4351 3¹:3¹{ulem“muneraremurtutatuta,
1162 4207 1234 4333 tlt:

128 4345 202 4410 trati,
219 4346 243 4398 si
255 4346 423 4412 nudarentur,
441 4347 565 4404 mollitum
574 4348 608 4402 iri
620 4351 798 4406 miserimrdis
808 4350 936 4410 orudelem
951 4350 1052 4406 illerum
1062 4367 1170 4417 morem,
1188 4347 1234 4421 qui

652 4533 669 4570 0
