3034 4828
361 351 595 432 nlsuotuau
611 361 889 434 antuman
902 361 1023 434 xxm.
1036 372 1068 438 2
1159 355 1255 428 11⁰1

166 524 204 592 τό
216 519 431 610 μετεχόμενον,
453 532 510 592 τοῦ
522 523 705 609 θμεθέιιτου.
737 523 774 593 τό
787 523 847 613 peip
859 524 1003 611 μετέχον,
1029 523 1134 604 ciariis
1150 527 1207 612 μέν
1221 526 1257 596 όν
1273 539 1337 596 tc.
1350 537 1416 598 1151

166 627 227 714 πρὸ
247 635 304 712 τῆς
324 629 478 713 μεθέξεως
484 678 495 710 ,
523 629 637 694 τέλειον
657 630 692 695 δέ
714 635 754 716 τῇ
772 629 894 710 μεθέξει
914 627 1088 716 γινόμενον,
1116 615 1418 734 tetraptdfflffii

166 731 231 796 έστι
250 727 372 808 πόντως
392 738 448 799 τοῦ
467 731 687 816 μετεχομένου,
713 729 796 798 κοθό
818 729 932 799 τέλειόν
951 733 1016 800 ἔστι
1035 731 1198 819 μετασχόν.
1232 725 1284 822 it?

165 833 225 918 γὰρ
240 833 344 909 ἀτελές
358 827 414 919 ἦν,
439 830 538 922 ταύτῃ
549 841 606 900 τοῦ
619 833 878 918 μετοσχιθέντος,
905 832 923 902 ὃ
939 845 1022 902 ποιεῖ
1033 836 1145 903 τέλειον
1165 837 1253 918 αὐτὸ,

144 937 414 1022 συατσόεέστερον.
439 936 476 1002 ad
489 938 523 1003 δὲ
535 933 734 1021 μετεχόμινόν
748 961 830 1014 τινος
844 935 894 1019 όν,
920 939 972 1003 ani
987 938 1024 1004 ori
1036 935 1176 1022 πόντων,
1200 946 1256 1007 τοῦ
1271 953 1303 1007 Ρ.
1317 955 1366 1010 691

164 1035 290 1106 πόντων
306 1037 406 1120 όντος,
423 1040 474 1104 roi
491 1037 528 1105 nii
541 1063 633 1120 τινος,
655 1036 746 1106 πόλιν
759 1037 923 1127 όφειμένην
939 1039 1043 1126 ἔλαχεν
1055 1039 1193 1128 όποιρξιν.
1219 1043 1255 1110 τό
1273 1057 1306 1116 V.
1316 1059 1368 1116 ⁵57

164 1141 293 1228 μὲνγὰρ
308 1147 353 1230 τῷ
367 1138 492 1208 πόντων
507 1143 595 1231 αϊτέῳ
614 1142 845 1230 συγγενέστερον
850 1191 861 1224 ,
886 1141 924 1210 τό
940 1144 975 1210 di
996 1136 1089 1230 ἧττον
1109 1147 1255 1232 συγγενές.

164 1238 281 1328 ἡγεῖται
307 1241 369 1330 tipo
391 1243 428 1310 ad
456 1244 515 1327 μέν
542 1243 715 1328 ιλμέθεντον
746 1251 814 1336 τολνΙ
832 1245 1056 1332 μετεχομένων·
1090 1251 1256 1331 τοῦτοδὲ,

164 1351 229 1411 τῶν
243 1344 441 1430 μετεχόντων.
471 1344 514 1424 ὥς
525 1347 585 1434 γὰρ
592 1395 603 1428 ,
627 1343 784 1415 συνελόντι
797 1345 910 1436 φόνοι,
935 1348 971 1416 τὸ
982 1351 1039 1432 μέν
1052 1351 1133 1418 ἔστιν
1147 1349 1181 1418 ’έν
1196 1353 1258 1435 πρὸ

124 1453 229 1521 torcia
247 1454 385 1516 πολλῶν·
410 1449 447 1516 τό
468 1451 503 1516 δέ
526 1447 725 1535 μετεχόμενον
745 1451 778 1518 έν
792 1461 858 1529 τοῖς
870 1457 996 1529 πολλοῖς
1008 1449 1042 1518 i'r
1057 1453 1124 1538 ἅμα
1137 1457 1188 1521 κοιλ
1201 1455 1259 1540 οὐχ

165 1549 214 1615 ἵν·
240 1550 277 1618 τὸ
293 1553 327 1618 δέ
341 1551 467 1636 μετέχον
483 1559 547 1619 πᾶν
573 1553 631 1638 οὐχ
649 1550 684 1620 ‘r'v
702 1553 769 1638 ἅμα
787 1556 838 1620 καλ
859 1552 924 1622 έν.”
954 1555 1098 1622 σκεπτέον
1117 1557 1284 1630 irradian

163 1651 350 1740 πρὸςθεοῦ,
375 1662 442 1732 πῶς
455 1661 579 1722 πολλῶν
590 1661 655 1722 τῶν
673 1662 730 1724 τοῦ
745 1655 892 1742 Ἕλληνος
903 1653 1000 1724 όντων
1014 1656 1175 1744 ιλογμότων
1189 1663 1258 1746 περὶ

163 1761 242 1823 θεοῦ
250 1807 261 1838 ,
290 1747 333 1824 ὧν
354 1757 395 1824 τό
413 1760 506 1825 πλεέω
528 1765 584 1825 τοῦ
600 1768 706 1825 νοσεῖν·
720 1783 786 1836 πως
801 1756 1011 1844 ἀπήλλακται,
1032 1761 1087 1834 ,ὅδε
1109 1767 1153 1850 τῷ
1171 1759 1257 1843 μόλοι

164 1866 310 1928 νοσοῦντι
322 1859 533 1947 προσετετήκει
545 1860 647 1948 μέρει,
671 1860 688 1928 ὃ
704 1861 760 1927 κᾶν
774 1861 860 1950 ariaci
873 1859 1003 1949 παρόντι
1015 1871 1059 1954 τῷ
1067 1861 1189 1948 ’Έλληνι
1200 1888 1257 1947 με-

124 1960 296 2045 ίδτόμελον
322 1960 473 2057 ἐχορήγει,
499 1961 666 2064 τᾶτόπηγιρτ
688 1963 944 2049 δημοσιευόμενον
963 1965 1125 2048 βλέποντι·
1150 1966 1171 2050 ἢ
1192 1973 1258 2044 πῶς

166 2065 222 2132 οὐκ
237 2064 275 2132 ἂν
289 2065 409 2154 ᾐδέσθη
423 2065 480 2132 τόν
492 2065 612 2152 ἔλεγχον
628 2063 765 2134 αὐτόθεν
779 2064 980 2151 αἰσχύνοντι,
998 2117 999 2125 ι
1006 2069 1128 2150 βλέπων
1144 2065 1186 2146 ὥς
1200 2069 1256 2133 uai-

164 2167 219 2243 τὸς
237 2165 338 2257 ἑαυτῷ
349 2167 478 2254 μάχοιτο
484 2219 496 2254 ,
524 2168 673 2238 τόνοντέοι
694 2177 760 2247 τοῖς
778 2167 928 2257 πρότερον
943 2171 1095 2236 έντιιυθοῖ
1107 2173 1283 2257 inputari-c

165 2273 245 2356 ζων,·
269 2262 350 2358 τρεῖς
364 2273 420 2355 μέν
435 2271 495 2359 γόρ
513 2274 654 2339 ἐνταῦθα
668 2269 769 2352 τόξοις
788 2283 935 2340 ποιεῖται·
961 2273 1036 2355 μέαν
1053 2274 1110 2357 μέν
1127 2273 1184 2360 τὴν
1200 2281 1258 2340 τοῦ

166 2374 338 2458 ἂμεθὲκτου
355 2377 406 2440 κοιλ
416 2372 629 2463 ὑπερκειμένου
644 2381 735 2458 θεοῦ,
753 2375 947 2462 δευτέρον·όὲ
962 2375 1019 2461 τὴν
1034 2383 1090 2442 τοῦ
1101 2381 1257 2460 μεθεκτοῦ

123 2479 287 2565 ωγένους,
305 2481 356 2544 καὶ
372 2479 480 2566 τρέτην
495 2484 559 2545 τῶν
571 2473 770 2562 μετεχόντων.
796 2480 848 2545 aui
866 2474 982 2564 ἡγεῖται
996 2485 1146 2546 τοσοῦτον
1160 2475 1256 2567 ὓπερ·
1286 2537 1292 2548 .

200 2711 229 2772 t,
245 2703 384 2776 ignobilior
401 2709 443 2760 eat
463 2722 511 2770 eo,
526 2701 595 2775 quod
612 2705 797 2776 participatur}
813 2712 843 2760 at
860 2705 930 2777 quod
949 2705 1136 2792 participatur,
1152 2705 1257 2778 ignobi-

177 2793 216 2830 rua
227 2785 268 2830 eat
284 2793 333 2840 eo,
350 2775 419 2845 qnod
432 2773 585 2846 participari
602 2791 653 2828 nou
664 2781 759 2846 puteat
793 2775 860 2829 Nam
872 2775 941 2846 quod
955 2775 1107 2848 partimpat,
1124 2793 1181 2830 cnm
1196 2782 1258 2830 anta

166 2843 388 2918 participationem
407 2843 581 2913 imperfectum
598 2843 634 2896 ait
653 2853 681 2896 at
702 2843 901 2928 participatione
920 2862 967 2898 ana
990 2845 1133 2916 perfectum
1152 2845 1256 2910 evadat,

166 2921 239 2968 uerte
250 2913 379 2985 portariae
392 2919 433 2967 eat
445 2930 493 2976 eo,
510 2912 580 2982 quod
592 2911 778 2983 participatur,
795 2931 822 2966 ur
839 2919 958 2983 quantun
974 2913 1115 2985 puniacum
1128 2923 1170 2968 eat
1184 2921 1257 2984 port·

165 3000 241 3054 qoam
262 2981 435 3053 participavit.
475 2982 543 3035 Nam
559 2989 686 3052 quatenu·
704 2979 879 3051 imperfectum
901 2989 972 3047 arat,
995 2989 1100 3036 antenna
1119 2981 1256 3052 ignobilia·

165 3061 209 3106 eat
219 3069 265 3116 ao,
282 3052 350 3121 quud
364 3049 550 3121 participatur,
567 3050 688 3120 qnodque
698 3051 780 3120 ipaunr
796 3051 936 3120 perfectum
950 3049 1045 3104 reddit.
1080 3051 1256 3116 Quadrantem

165 3121 314 3190 abaliquo,
330 3137 381 3173 nou
397 3121 430 3174 ab
444 3119 560 3173 omnibu·
573 3117 758 3189 participatur,
773 3119 800 3171 id
821 3119 989 3172 aubatautiam
1002 3119 1119 3173 mrtitum
1135 3125 1175 3173 eat
1187 3119 1256 3174 inie-

165 3189 259 3245 rioram
276 3205 322 3256 aa,
338 3187 408 3258 quod
423 3189 456 3241 ab
470 3187 598 3250 omnibus,
615 3204 666 3241 non
677 3187 711 3242 ab
725 3187 810 3256 aliquo
823 3189 962 3253 duntaxat,
980 3187 1161 3258 participatur.
1187 3187 1256 3242 Nam

165 3259 216 3314 hoo
228 3257 324 3329 nagia,
340 3265 368 3310 et
379 3256 442 3311 iliud
456 3255 538 3310 minua
552 3256 586 3310 ad
596 3255 827 3310 uuiraraaiiaaimae
841 3257 947 3310 omnium
965 3273 1048 3310 rarum
1067 3273 1161 3312 muana
1178 3261 1256 3310 natu-

164 3345 221 3382 rarn
233 3327 342 3381 accedit.
377 3325 450 3396 Ergo
462 3325 530 3395 quod
544 3325 696 3396 participari
710 3325 800 3394 nequit
817 3331 932 3394 praestat
950 3324 997 3388 iia,
1018 3343 1085 3396 qnae
1096 3325 1256 3396 participan-

164 3404 224 3460 tura
240 3403 268 3450 et
282 3394 395 3450 riciaaim
407 3411 475 3465 quae
493 3393 679 3464 participantur
695 3394 884 3464 praeatantiora
902 3401 964 3448 aunt
978 3395 1044 3458 iiiia,
1066 3411 1133 3464 qnae
1147 3393 1255 3465 partici-

163 3473 237 3538 pant.
274 3463 390 3529 Etenim,
404 3472 434 3518 ut
447 3479 498 3516 uno
511 3463 592 3517 uerbo
604 3463 759 3534 complectar
771 3463 870 3529 omnia,
886 3464 953 3534 quod
968 3462 1116 3534 participari
1131 3479 1181 3516 uon
1193 3469 1253 3534 pot-

164 3543 222 3600 art,
240 3535 289 3588 hcc
306 3543 367 3588 ante
383 3533 462 3586 multa
477 3547 552 3586 unum
573 3539 628 3598 eata
645 3532 713 3602 quod
732 3532 1015 3604 autamparticipntur,
1030 3533 1056 3585 in
1074 3531 1254 3586 multiuocum

163 3611 206 3659 eat
224 3603 299 3657 aimui
313 3611 342 3658 et
357 3619 407 3656 uon
419 3617 510 3664 nnuma
526 3601 637 3672 deniqne
649 3601 772 3672 quicquid
788 3601 944 3672 participat,
964 3606 1004 3654 eat
1018 3617 1070 3655 non
1087 3617 1163 3655 nuum
1177 3602 1254 3662 aimui

163 3679 193 3728 at
204 3672 306 3726 unnm.’'
341 3671 394 3724 Per
411 3671 491 3724 Deum
511 3687 557 3723 voa
570 3671 700 3734 obtestor,
718 3679 749 3724 nt
760 3671 809 3724 hoc
823 3669 850 3724 in
868 3671 924 3724 ioco
939 3669 1106 3740 perpendatia
1120 3670 1253 3741 quomodo,

164 3759 222 3796 cum
242 3757 356 3812 paganae
374 3740 426 3792 iata
438 3739 547 3792 Procius
559 3739 638 3792 muita
653 3739 687 3792 da
705 3737 760 3792 Deo
774 3741 895 3808 dogmata
905 3739 1056 3804 tradiderit,
1073 3755 1180 3810 quorum
1195 3738 1254 3810 pie*

164 3823 246 3878 taque
257 3819 317 3864 aunt
329 3811 362 3862 ab
379 3809 446 3862 omni
460 3807 555 3862 arnaria
568 3807 631 3862 vitio
650 3806 733 3860 iibara
751 3813 779 3860 et
796 3823 876 3877 pura,
892 3807 1081 3862 vitioriuimum
1094 3825 1127 3862 er
1140 3807 1190 3861 iilia
1205 3807 1255 3860 du-

164 3879 293 3946 gmatibua
310 3877 427 3930 Paiamaa
445 3877 524 3930 inerit
538 3877 684 3946 amplexura
700 3875 769 3947 qnod
784 3893 846 3930 rana
864 3893 966 3998 pagano
979 3877 1040 3930 huic
1052 3875 1172 3946 acriptori
1189 3893 1254 3945 poa-

164 3945 266 4000 niteudi
278 3946 358 3998 iocum
371 3945 461 4009 daret,
478 3945 502 3998 ai
512 3961 634 4017 pracaana
647 3945 706 4014 ipae
717 3945 852 3998 abaurdarn
884 3963 933 3998 ane
941 3945 1085 4014 opinionem
1096 3943 1197 3999 rideret
1211 3944 1253 3995 di-

164 4012 275 4082 vulgari.
309 4013 411 4082 nunqu
428 4015 553 4084 quomodo
571 4031 622 4067 non
640 4013 818 4077 arubcacaret,
836 4012 959 4068 riatatint
974 4020 1092 4067 comeret
1105 4013 1254 4084 probaram

164 4089 244 4151 atque
256 4079 448 4150 ignominiosam
461 4081 604 4136 tententiae
615 4099 678 4135 auaa
688 4081 885 4146 refutationem,
901 4087 1027 4151 qnuteuua
1039 4081 1154 4134 nimirum
1166 4095 1252 4134 aecum

107 4171 114 4198 r
161 4151 221 4222 ipra
234 4157 347 4219 pugnat,
364 4151 494 4204 mutraria
505 4151 635 4220 prioribua
647 4149 765 4218 dogmata
777 4149 825 4203 hoc
836 4150 863 4202 in
878 4151 934 4203 ioco
947 4150 1101 4220 protarenai
1117 4149 1171 4201 Hic
1184 4147 1251 4201 anim

162 4225 218 4274 nea
231 4235 315 4272 rarum
332 4218 435 4272 ordiner
448 4235 507 4271 aare
520 4218 626 4282 atamita
643 4233 750 4288 quorum
765 4217 793 4270 in
807 4218 892 4340 primo
912 4217 1015 4288 reponit
1026 4233 1071 4270 eur
1087 4216 1155 4287 quud
1169 4215 1252 4287 parti-

162 4289 279 4358 uipariu
314 4285 354 4340 uit
366 4293 394 4340 et
406 4303 549 4356 ruprearum
566 4287 664 4340 Βοοτιε
681 4287 708 4340 in
727 4301 806 4340 aaron
824 4303 840 4339 o
857 4286 966 4340 collocat
984 4303 1066 4356 genua
1082 4285 1164 4351 entia,
1181 4286 1251 4354 qnod

161 4356 275 4430 particip
336 4361 436 4428 potaata
453 4355 478 4412 in
500 4353 577 4414 tertia
592 4356 690 4412 danna
709 4353 800 4412 ordina
812 4354 946 4412 mmutut
957 4355 1044 4421 entia,
1060 4371 1127 4426 quaa
1142 4353 1252 4428 partici-
