2994 4830
355 302 588 374 HISTORIAE
608 305 885 373 BYZANI'INAE
906 305 994 372 XIV.
1014 315 1045 376 7.
1156 296 1246 368 ιλλό

146 471 251 536 ἐκτοῦ
265 464 381 560 ῥᾴστου
401 472 463 534 τῶν
485 463 729 554 ἐντυγχανόντων
750 468 806 554 τήν
829 468 977 553 αἴσθησιν
1000 471 1166 552 δεξιοῦται,
1191 457 1244 538 ’καί
1262 481 1325 534 tc.
1339 477 1406 536 lull

147 572 266 658 nouus
280 570 374 647 meuc
387 567 593 657 προβάλλεται
606 571 663 655 τὴν
674 577 729 655 τῆς
743 573 880 658 τέρψεως
893 567 1025 658 ἡδονήν·
1044 574 1094 638 καὶ
1108 551 1401 674 ίοῖπαί·“όὲίόζό“’

147 672 285 758 ταχόθεν
303 671 405 760 ῶσπερ
429 674 462 739 ἐκ
483 679 653 761 θησαυρῶν
672 670 755 754 τό,τε
778 673 908 742 εόπνουν
930 681 988 759 τῆς
1009 674 1108 760 ὀδμῆς
1132 678 1182 739 καὶ
1209 677 1243 742 τό

146 784 205 843 τοῦ
218 775 338 854 όίνθους
353 775 496 863 εόχρουν·
523 778 573 842 καί
588 783 744 866 καθαραῖς
757 777 793 844 τό
809 783 952 844 πλεῖστον
965 773 1068 862 ὅμιλεῖ
1079 787 1147 854 ταῖς
1160 775 1246 861 ήλίου

121 878 270 950 idacios·
297 881 437 966 δένδρεσί
459 903 492 945 τε
518 881 688 946 πολυειδέσι
718 885 799 970 κομῶ
827 883 878 948 καί
908 879 987 966 ι’ίλση
1013 884 1063 946 καί
1095 885 1274 964 λειμῶνοςο

147 984 320 1063 ποικίλους,
348 980 421 1068 ’έργα
437 988 549 1069 χειρῶν
572 981 793 1068 ἀνθρωπίνων,
820 989 968 1049 πλουτεῖ·
999 987 1049 1048 καί
1071 983 1147 1068 γένει
1168 1011 1247 1050 παν-

147 1087 241 1152 τοίιυν
265 1085 401 1172 ὀρνίθων
425 1095 626 1171 περιηχεΐται·
653 1087 703 1150 καί
726 1083 828 1170 σμήνη
845 1077 995 1168 μελιττῶν
1009 1087 1071 1152 ἐκεῖ
1082 1085 1249 1174 περιτρέχει

147 1187 189 1254 τὰ
211 1187 296 1272 ἄνθη
306 1237 316 1268 ,
342 1189 394 1254 κοιλ
415 1185 516 1274 ήρέμα
536 1188 591 1254 τόν
611 1186 887 1274 όέραπεριβομβεῖ.
913 1191 964 1254 καί
986 1185 1123 1274 τέρψειός
1133 1215 1180 1266 τις
1193 1191 1247 1256 at·

147 1295 227 1366 πλος
251 1291 394 1356 ἐντεῦθεν
422 1286 584 1378 ὖφαίνεται
611 1289 695 1368 ξένος
716 1292 779 1356 ἐκεῖ
801 1291 971 1376 συμμιγής,
1005 1291 1061 1357 οὐκ
1084 1284 1160 1380 ἦρος
1179 1291 1247 1386 ῶρρι

104 1389 230 1481 λομόνῃ
239 1441 250 1472 ,
277 1391 349 1458 ἀλλ’
365 1394 397 1458 ἐν
413 1390 524 1460 ἅπαντι
539 1399 635 1482 καιρῷ
659 1395 709 1460 καὶ
726 1388 850 1483 χρόνῳ,
878 1389 1098 1480 ὅμοζυγοῦντος
1119 1395 1164 1460 ἀεί
1188 1383 1245 1462 rosi

146 1501 210 1562 τῶν
222 1491 381 1582 τεσσάρων
405 1491 494 1582 ῶρῶν
511 1493 623 1562 κόκλου
650 1496 727 1582 πρὸς
746 1492 854 1579 ὁμοίαν
875 1496 932 1582 τήν
946 1493 1039 1582 χάριν
1055 1500 1107 1563 καλ
1128 1495 1273 1584 ήδονὴνλ)

146 1604 210 1664 τῶν
234 1597 440 1684 ἀνθρωπίνων
463 1600 694 1684 αίσθητηρίιυν·
720 1601 772 1664 καί
792 1596 928 1682 μάλισθ’
956 1597 1006 1664 ὅτ’
1025 1599 1058 1665 ἐκ
1078 1601 1174 1683 μέσου
1189 1607 1247 1668 τοῦ

146 1699 264 1776 ιῖλσους
285 1702 336 1766 aul
356 1706 420 1766 τῶν
440 1707 546 1790 φυτῶν
568 1702 687 1768 ἐκείνων
703 1697 832 1788 ὄρθριος
850 1697 870 1785 ή
887 1705 943 1784 τῆς
956 1697 1088 1784 ἀηδόνος
1096 1699 1246 1786 η’χήσασα

146 1803 281 1887 μουσική
302 1800 431 1894 sarpidus
449 1815 515 1881 τοῖς
541 1803 603 1870 ἐκεῖ
625 1799 810 1887 μονόζουσιν
840 1805 931 1870 είπεῖν
956 1805 1007 1868 καί
1026 1814 1177 1886 συνυμνοΐ
1193 1805 1248 1872 τόν

102 1903 265 1992 15ιιόριον.
297 1905 355 1990 ’έχιι
368 1905 427 1992 γὰρ
452 1905 572 1991 κάκείνη
594 1909 645 1972 καί
668 1901 803 1994 κιθόραν
817 1906 865 1971 ἐπὶ
884 1901 1023 1990 στήθους
1042 1903 1150 1972 ’ένθεόν
1168 1931 1247 1990 τινα,

148 2011 201 2076 καὶ
219 2005 395 2093 ψαλτήριον
410 2007 563 2098 ἐμφυτον,
591 2010 641 2074 καὶ
662 2009 812 2094 μουσικὴν
829 2003 1007 2096 ἐναρμόνιον
1013 2056 1025 2090 ,
1053 2009 1086 2088 ἐξ
1100 2007 1249 2094 αὐτοσχε-

147 2114 217 2178 όίου
233 2114 510 2198 πορισαλπίζουσαν
523 2111 596 2188 τούς
610 2108 778 2188 όκοόοντας
791 2107 871 2177 πόνυ
885 2137 933 2178 τοι
947 2111 1092 2196 ἐμμελῶς.
1114 2115 1165 2178 καλ
1180 2111 1276 2196 durau

147 2224 261 2300 πηγαῖς
276 2213 442 2302 αὐτοφυῶν
459 2211 583 2282 όόότιυν
604 2211 621 2280 ό
642 2220 746 2300 χῶρος
762 2211 892 2301 όρδεταί
903 2239 937 2280 τε
959 2217 1011 2282 καί
1027 2219 1247 2303 περιαντλεῖται

146 2323 287 2394 πολλαῖς.
315 2313 425 2404 ῥύακος
446 2314 669 2400 όποβλόζοντες
696 2315 831 2384 ἄλλοθεν
859 2315 946 2384 ι’ίλλοι
969 2319 1088 2406 μυρίων
1113 2319 1247 2405 γίνονται

101 2423 257 2498 munides
273 2425 389 2506 πηγῶν,
404 2423 455 2486 καί
469 2417 613 2506 ἀλλήλοις
633 2419 733 2507 η’ρέμο
746 2423 797 2486 καὶ
810 2416 928 2508 λάθρα,
953 2421 1131 2498 κλέπτοντες
1146 2419 1247 2510 ῶσπερ

147 2524 204 2590 τόν
220 2519 354 2610 δρόμον,
380 2529 552 2592 κοινοῦντοιι
566 2521 603 2590 τό
618 2521 717 2612 ῥεῦμα
725 2571 737 2604 ,
764 2519 830 2590 οἷον
850 2523 989 2608 ἐπίτηόες
1001 2525 1052 2590 καλ
1071 2523 1159 2590 adrui
1175 2549 1249 2591 σιω-

147 2633 268 2702 πῶντες
276 2674 289 2707 ,
316 2626 372 2690 καί
389 2651 471 2704 τινος
488 2627 627 2704 παιδείας
646 2624 882 2708 αἰσθανομένοις
898 2622 1011 2710 ὅμοίως
1033 2623 1247 2708 ἀντιποιούμε-

148 2755 198 2796 νοι
205 2778 218 2812 ,
246 2730 298 2794 καλ
311 2724 447 2806 διδόντες
463 2731 602 2808 ἐξουσίαν
616 2727 739 2816 μακρὰν
754 2739 820 2805 τοῖς
835 2728 897 2794 ἐκεῖ
912 2737 1100 2811 μονασταῖς,
1127 2724 1249 2817 όθόρυ-

221 2837 263 2898 14.
282 2844 418 2908 συνυμυοῖ
433 2839 508 2898 Boia.
524 2859 573 2912 pro
590 2845 730 2910 ουνυμνεῖ.

148 2927 224 2982 ribus
240 2927 446 2982 ambitiosissime
462 2929 512 2998 (at
524 2927 563 2982 its
574 2927 672 2998 ιλλοεω)
691 2943 723 2980 ex
738 2925 809 2980 facili
827 2925 972 2994 blanditur,
989 2931 1018 2980 ot
1031 2942 1148 2996 maguam
1164 2924 1252 2980 statim

148 2997 230 3050 offert
244 2995 469 3065 suavissimamque
484 2997 542 3050 volu
562 3003 648 3050 tatem.
682 2995 746 3050 Illuc
759 3003 879 3065 tauquam
893 3013 924 3048 ex
938 2995 1066 3048 thesauris
1083 2995 1252 3064 undecunque

149 3065 238 3120 affluit
257 3073 285 3118 et
301 3064 405 3119 odorum
421 3065 515 3118 balitus
552 3065 630 3130 ulcis,
654 3071 681 3117 et
695 3063 785 3117 florum
802 3064 993 3116 amoenissimus
1012 3063 1090 3116 solor.
1125 3066 1209 3131 Atque
1227 3063 1252 3116 is

149 3135 222 3188 lorus
235 3133 383 3204 purioribus
401 3134 462 3188 solis
480 3133 560 3186 radiis
571 3141 601 3187 ut
613 3133 746 3204 plurimum
759 3133 882 3186 iutsrsstt
899 3137 927 3184 et
941 3130 1113 3200 multiplicium
1134 3133 1251 3184 arborum

149 3219 222 3258 osma
238 3203 352 3272 reglum
375 3209 403 3256 et
415 3203 524 3256 saltibus
545 3203 661 3256 abundat
677 3209 705 3256 et
725 3199 816 3270 pratis,
834 3199 961 3254 homiuum
977 3215 1051 3254 mauu
1071 3199 1197 3261 excultis3
1223 3207 1251 3252 et

149 3273 218 3326 omni
233 3273 318 3326 avium
331 3289 427 3340 genere
440 3277 569 3342 personet.
603 3270 659 3324 lllic
672 3288 747 3341 apum
761 3269 878 3322 examina
891 3269 985 3322 circum
999 3269 1076 3322 flores
1087 3267 1206 3331 solitam,
1223 3273 1252 3322 et

147 3343 202 3396 leui
220 3358 326 3394 susurro
341 3357 386 3409 per
400 3345 484 3394 airam
499 3341 592 3410 passim
604 3347 768 3393 murmurant.
803 3337 903 3402 Quibus
919 3355 952 3391 er
967 3339 1044 3392 rebus
1059 3337 1127 3390 inter
1143 3355 1172 3390 se
1184 3354 1252 3390 com-

147 3411 238 3465 mixtis
255 3410 369 3462 efficitur
382 3409 461 3464 mirus
474 3410 575 3480 quidam
592 3409 731 3478 voluptatis
745 3413 892 3470 contextum
910 3425 961 3460 nou
974 3425 1036 3460 vere
1049 3406 1183 3470 duntaxat,
1203 3405 1251 3460 sed

148 3487 178 3534 et
195 3479 289 3549 quouis
302 3485 353 3532 tem
387 3496 432 3543 rs,
447 3478 651 3550 conspirantibus
665 3483 790 3548 perpetua
804 3475 979 3530 vicissitudine
993 3483 1103 3546 quattuor
1116 3475 1174 3528 anui
1186 3483 1253 3528 tem-

148 3547 311 3620 pestatibus,
385 3549 490 3601 eandem
509 3548 684 3602 amoenitatem
699 3546 854 3615 eandemque
868 3562 970 3666 semper
983 3537 1151 3603 exlribeudam
1169 3543 1252 3625 homi-

148 3635 209 3670 num
226 3617 346 3669 sensibus
362 3615 535 3686 voluptutem
553 3633 584 3670 ae
597 3622 649 3670 tum
663 3615 784 3679 multuo,
802 3633 859 3668 cum
875 3632 914 3668 me
933 3614 957 3666 'o
978 3631 1010 3667 ex
1026 3614 1092 3666 saltu
1110 3618 1137 3666 et
1156 3611 1188 3665 ab
1201 3612 1253 3665 illua

146 3685 285 3740 arboribus
298 3701 421 3738 resonans
434 3685 571 3739 matutinus
584 3685 706 3740 lusciniae
718 3689 807 3738 cantus
818 3684 888 3738 uelut
900 3681 1075 3736 admoduletur
1085 3681 1128 3746 iis,
1140 3681 1185 3764 qui
1197 3680 1251 3734 illio

148 3755 262 3810 solitarii
280 3754 378 3818 vivunt,
395 3755 527 3824 Deumque
538 3771 588 3808 uua
598 3771 653 3807 cum
663 3753 696 3806 iis
708 3751 845 3806 collaudat
871 3753 966 3806 Gestat
979 3752 1045 3806 euim
1058 3759 1086 3805 et
1098 3749 1142 3804 illa
1154 3765 1181 3802 sn
1194 3751 1251 3803 sinu

149 3824 275 3878 oitbsrsrn
291 3823 417 3892 quandam
431 3825 562 3888 antheum,
580 3823 770 3892 ingenitumque
787 3817 953 3892 psalterium,
970 3827 997 3874 et
1012 3820 1133 3876 muaieam
1149 3819 1252 3872 harmo-

147 3893 208 3946 niae
221 3892 333 3962 plenam,
344 3910 410 3962 quaa
423 3909 476 3958 eos,
492 3909 508 3945 a
521 3893 613 3962 quibus
631 3891 742 3955 auditur,
760 3899 823 3960 apte
833 3889 967 3943 admodum
979 3895 1006 3943 et
1019 3905 1160 3952 numerosa,
1174 3887 1252 3956 idque

148 3977 183 4016 ar
195 3969 329 4030 tempore,
351 3961 529 4016 circumsonat.
562 3960 632 4014 Idem
650 3977 726 4030 porro
746 3959 817 4012 locus
834 3959 977 4013 aeduorum
995 3975 1114 4028 aquarum
1137 3955 1251 4008 lontibus

147 4030 235 4086 mutis
251 4029 351 4098 rigatur
365 4037 391 4082 et
406 4029 571 4084 circumfluita
588 4029 688 4099 rivique
703 4029 748 4082 alii
766 4027 868 4082 aliunde
882 4027 1051 4082 scaturientes
1066 4043 1097 4079 ex
1114 4021 1251 4076 innumeris

146 4099 266 4155 fontibus
281 4107 434 4164 nascuntur,
452 4099 625 4182 paulatimque
638 4105 665 4152 et
680 4099 761 4162 clam,
778 4114 850 4150 suum
865 4097 940 4168 quasi
956 4112 1056 4150 cursum
1072 4091 1194 4154 iurando,
1211 4089 1251 4172 iu-

146 4169 232 4222 vicem
253 4185 334 4238 aquas
350 4169 550 4232 communicant3
571 4169 676 4220 silentes
693 4167 743 4237 ipsi
759 4183 860 4236 quoquo
877 4175 997 4236 tanquam
1018 4161 1147 4224 consulto,
1170 4165 1197 4212 et
1210 4159 1252 4212 dr-

147 4237 284 4307 sciplinam
299 4235 439 4306 quandam,
457 4255 487 4290 ac
500 4235 524 4289 si
539 4237 572 4290 iis
591 4236 688 4288 inesset
705 4253 809 4300 seusus,
825 4235 877 4304 ipsi
889 4235 965 4288 etiam
977 4229 1103 4315 professi3
1121 4243 1211 4296 nempe
1226 4231 1256 4280 ut

147 4305 205 4361 aius
223 4305 276 4360 loci
288 4307 431 4374 monacbis,
449 4307 528 4362 dmm
544 4306 613 4360 nullo
626 4305 735 4360 tumultu
755 4305 932 4376 perturbatam
946 4299 1121 4372 angentibus·
1136 4303 1252 4368 pmii·
