2994 4830
362 260 598 332 HISTORIAE
617 261 894 336 Bizaurmtm
913 267 1002 336 xiv.
1024 279 1056 342 8.
1181 264 1256 336 699

89 459 92 464 ·
151 427 233 510 σμόν
245 475 256 508 ,
269 425 520 512 ἱἐπαγγείλασθαι
541 421 767 514 εάπαράόεκτόν
787 455 852 506 πως
867 427 994 500 ἐσεσθαι
1014 433 1064 498 καί
1084 431 1119 498 τό
1143 435 1255 519 τρίτον.
1274 440 1417 502 auruli
1465 476 1475 500 ε

152 531 193 596 τά
212 530 271 614 γάρ
293 529 474 612 ἐκπληκτικὰ
499 535 554 615 τῆς
579 525 771 617 ἀπερηφανία
1257 517 1416 642 Ῐωέἐέἓιέθ

153 631 341 710 κατασβέσαι
356 629 494 712 ἀόναται,
505 632 606 724 ῥᾷστα
617 633 733 716 μεντάν
747 635 953 722 ἐκπυρσεῦσαι
965 643 1085 721 μᾶλλον
1101 641 1149 703 καί
1167 637 1284 725 pti-c
1353 618 1361 634 ·

152 761 207 802 νον
229 735 340 822 ἐγεῖραι
371 733 504 822 σκληρόν
525 762 594 803 τινα
619 739 670 800 καί
700 739 964 824 δυσκαρτέρητον·
998 747 1054 806 τοῦ
1079 741 1114 806 δέ
1140 739 1256 827 χρόνου
1291 789 1298 800 -

128 837 295 924 ὁρῶντος,
325 835 449 920 ὁμαλῶς
471 865 536 915 πως
561 838 622 924 ἤδη
645 842 696 904 καὶ
719 839 755 906 τό
772 847 829 925 τῆς
844 839 1012 926 ἐκπλήξεως
1026 845 1139 928 ἐκείνης
1155 847 1257 910 δαπα-

150 947 269 1008 νᾶσθαι
285 943 335 1006 καὶ
347 943 555 1028 μαραίνεσθαι
571 940 704 1030 θράσος,
732 942 831 1030 ἠρέμα
850 947 992 1010 καὶκατὰ
1007 947 1116 1029 μικρόν
1128 949 1256 1030 ἐμμελε·

150 1045 302 1128 τηθείσης
317 1054 384 1119 ταῖς
399 1051 462 1110 τῶν
477 1041 721 1130 ἐντυγχανόντων
733 1045 824 1129 ὄψεσι
849 1047 901 1114 dul
921 1049 955 1114 τό
972 1051 1092 1135 συνεχές
1111 1055 1167 1116 τοῦ
1182 1075 1257 1118 συν·-

152 1151 345 1214 διαιτᾶσθαι.
372 1145 485 1214 τούτου
506 1149 563 1232 μὲν
586 1141 642 1214 oio
668 1151 753 1216 ἕνεκα
778 1160 844 1216 τοΐν
867 1153 954 1218 δυοῖν
974 1151 1163 1240 ἀρκεσθῆυαι
1187 1179 1255 1219 και·

152 1247 346 1333 νοτομήμασι
358 1247 466 1334 μόνοις
482 1250 514 1318 έν
528 1257 571 1340 τῷ
586 1247 731 1336 παρόντι,
758 1259 815 1318 τοῦ
829 1255 1206 1344 τρίτουμετεωρισθέντος
1222 1257 1253 1332 ἐς

115 1351 297 1428 ιοτοάπιόν·
323 1351 369 1438 μὴ
396 1355 556 1438 ἐπιστῆσαι
579 1351 728 1442 πρότερον
751 1353 959 1441 ἐθελήσαντα,
995 1359 1046 1422 καί
1068 1353 1180 1442 γνόντα
1196 1358 1282 1442 τὴνῐ)

153 1463 215 1523 τῶν
234 1457 393 1542 προτέρων
407 1457 544 1524 ἐνταῦθα
562 1455 716 1540 διάνοιαν,
746 1459 777 1523 ἐν
800 1466 845 1548 τῷ
856 1461 970 1550 μετρίῳ
985 1465 1041 1526 τοῦ
1054 1459 1154 1546 ἤθους
1164 1462 1256 1525 ’ἐστα-

152 1565 243 1638 σθαι,
272 1559 383 1643 καὶμὴ
401 1551 500 1624 κινεῖνΙ
510 1559 651 1646 πατέρων
665 1558 754 1645 ὅρια·
782 1561 855 1626 ἀλλ’
871 1561 955 1646 ἥττω
976 1559 1136 1646 γενόμενον
1150 1560 1253 1649 δόξης,

152 1662 270 1746 πολλὴν
296 1663 515 1748 ἐπιφερομένης
544 1663 601 1747 τὴν
625 1663 759 1748 ἀωρίαν,
795 1659 947 1750 ἀγώγιμον
974 1662 1050 1730 είναι
1068 1673 1125 1731 τοῦ
1146 1671 1255 1732 λοιπου

152 1777 218 1842 τοῖς
232 1767 384 1848 ἐμπαίζειν
397 1765 550 1846 ἐθέλουσι,
577 1765 665 1850 μέχρι
680 1771 746 1845 τοῦ,
775 1767 986 1854 συμφέροντος
1001 1767 1033 1843 ἐξ
1049 1766 1152 1833 αὐτῶν
1164 1769 1256 1856 ἐναρ-
1317 1747 1327 1778 ’

115 1889 145 1942 15
152 1875 213 1954 γῶς
229 1874 291 1934 τῶν
306 1865 495 1952 πραγμάτων
508 1875 595 1955 σαφῆ
608 1867 662 1934 τὸν
671 1865 785 1956 χρόνον
798 1865 977 1952 σύμβουλον
997 1867 1158 1953 ἐσχηκότα,
1178 1893 1255 1936 συν-

153 1972 228 2038 ιέναι
248 1971 306 2054 μὲν
322 1966 364 2046 ῶς
383 1973 543 2058 φείδεσθαι
564 1969 676 2058 χρόνου
698 1973 749 2036 καί
770 1966 865 2056 τόχης
883 1973 991 2057 ἐχρῆν,
1018 1972 1063 2056 μὴ
1080 1975 1285 2058 δυνηθῇνοιθ

152 2074 188 2144 θ’
201 2066 257 2140 odo
275 2072 346 2138 οάιλέ
358 2069 473 2158 μικράν
489 2099 558 2140 τινα
579 2073 636 2158 τὴν
652 2074 685 2139 ἐν
700 2076 809 2150 δεινοῖς
823 2071 994 2162 ἀσφάλειαν
1007 2071 1109 2165 ἐαυτῷ
1122 2078 1254 2162 πορίσα-

153 2183 248 2258 σθαι,
278 2175 350 2241 ἀλλ’
367 2178 398 2252 ἐς
414 2174 625 2263 ἀτεκμάρτους
638 2179 689 2242 καὶ
702 2173 788 2260 μάλα
803 2173 1021 2252 παντοιῖαποάς
1035 2184 1137 2244 κακῶν
1152 2203 1253 2244 συνω-

151 2286 269 2364 σθῆναι
288 2275 420 2362 βυθοός.
463 2277 529 2368 (Ε.)
558 2279 604 2345 Td
633 2279 692 2367 γὰρ
714 2286 771 2364 τῆς
798 2280 965 2364 ἐπισκοπῆς
991 2279 1112 2364 ἀξίωμα
1137 2283 1189 2346 καί
1213 2279 1250 2347 τά
1311 2347 1316 2358 ,

111 2388 263 2466 ωψυχῶν
283 2379 405 2466 ἄρχειν,
441 2388 497 2448 τοῦ
515 2383 680 2469 κρατίστου
700 2383 815 2469 μέρους
831 2387 893 2448 τῶν
912 2383 999 2472 ἐντῷ
1014 2379 1120 2472 κόσμῳ
1136 2381 1252 2468 συλλή·

150 2488 232 2570 βάην
249 2481 396 2550 ἀπάντων
409 2486 500 2550 είπεῖν
509 2533 519 2566 ,
548 2481 672 2572 σφόδρα
684 2511 732 2550 τοι
746 2484 888 2572 μέγιστον
909 2487 960 2550 καί
974 2486 1137 2573 περιφανές
1156 2483 1253 2552 εέδόσι

150 2599 217 2664 τοῖς
235 2587 294 2664 τὰς
316 2585 444 2673 ἀρίστας
462 2585 558 2652 πάλαι
580 2584 782 2654 συντάττουσι
804 2595 868 2654 τῶν
889 2593 1048 2654 πολιτειῶν
1064 2588 1279 2669 νομοθέταιςλ*

150 2697 254 2767 καλῶς
277 2688 353 2774 ἐχειν
375 2689 480 2774 ἔδοξε,
516 2689 553 2758 τὸ
575 2695 632 2775 τῆς
654 2689 855 2779 ἀνθρωπίνης
873 2687 996 2777 γνῶμης
1011 2689 1254 2781 φυλαττομένοις

151 2921 261 2977 παίοιντο
277 2919 379 2975 taudem
393 2925 524 2992 tempore,
541 2917 586 2975 nbi
601 2920 700 2976 duabus
712 2919 764 2976 illis
777 2921 853 2977 rebus
867 2925 995 2976 assuetam
1005 2925 1089 2987 aaa,
1107 2920 1254 2976 etiam-ter-

150 2993 213 3046 tiam
226 2990 304 3044 facila
318 2991 485 3044 admirantum
501 3009 530 3044 se
543 2992 667 3060 promisit.
708 2993 791 3056 Quam
810 2992 876 3055 euim
897 2993 981 3043 fastus
1002 2996 1117 3044 moveret
1132 2991 1253 3058 indigua·

150 3062 255 3124 tionem,
265 3077 320 3113 eam
332 3067 428 3114 tautauu
441 3062 540 3124 abasse,
554 3067 584 3112 ot
595 3066 757 3130 praematura
768 3059 900 3112 festinatio
913 3065 1001 3128 posset
1013 3060 1125 3128 placare,
1134 3067 1164 3111 ut
1176 3059 1252 3114 etiam

150 3129 304 3184 incenderet
321 3129 399 3182 multo
414 3130 512 3198 magia,
534 3135 562 3182 at
579 3128 699 3182 facillime
719 3127 841 3181 invidiam
860 3129 978 3180 acerbam
995 3134 1022 3180 et
1035 3127 1079 3178 vix
1093 3127 1252 3182 tolerabilem

150 3197 294 3262 conflaret3
313 3203 362 3250 tem
382 3215 426 3251 ora
441 3205 525 3252 autem
539 3197 656 3261 labente,
674 3198 750 3250 etiam
765 3196 887 3249 novitatis
902 3196 970 3249 illius
986 3195 1145 3248 insolentiam
1159 3196 1252 3250 leniter

150 3267 201 3321 iam
214 3215 397 3336 quodammodo
410 3284 563 3321 evanescere
575 3285 606 3320 ac
618 3267 714 3331 deleri,
732 3265 824 3318 sensim
840 3263 938 3318 scilicet
949 3271 977 3318 et
991 3263 1111 3335 paulatim
1125 3264 1252 3318 homiuum

151 3337 234 3390 oculis
250 3351 283 3388 ex
298 3337 526 3405 praemeditatione
545 3342 573 3390 et
590 3337 693 3388 assidua
712 3335 783 3388 vitae
798 3334 981 3388 consuetudine
996 3333 1158 3388 insinuatam·
1197 3333 1253 3386 Ea-

151 3405 440 3528 ttistlliidl
455 3405 688 3527 ‘limiti‘
705 3411 848 3527 ‘altili
862 3421 921 3525 tt:
934 3421 967 3524 ii
974 3401 1252 3525 illitlilit

151 3551 257 3596 vertere
269 3491 361 3607 voluit,
379 3491 532 3612 cogulthua
545 3543 668 3608 maloram
681 3561 759 3613 super
772 3559 804 3595 ca
817 3491 986 3606 redonicam,
1004 3547 1121 3610 perstare
1133 3541 1161 3594 in
1174 3539 1252 3593 mimi

151 3612 342 3674 moderatione,
360 3612 561 3680 constitutosque
574 3629 590 3664 a
605 3613 720 3682 patribus
734 3613 855 3665 terminos
866 3628 916 3663 nou
929 3627 1048 3682 proceret
1066 3609 1111 3666 aed
1126 3608 1252 3678 intempe-

152 3681 223 3734 stira
237 3697 341 3750 prorsus
355 3681 438 3762 gloria
451 3679 521 3732 velut
534 3681 651 3750 captivus
664 3681 722 3734 duci
738 3681 842 3744 maluit,
860 3687 938 3752 atquc
955 3679 1080 3732 obnoxius
1095 3695 1152 3730 csse
1163 3677 1191 3730 iu
1204 3694 1253 3748 po-

152 3756 250 3802 sterum
269 3749 365 3800 volenti
387 3749 493 3801 cuilibet
506 3749 628 3814 illodera;
645 3749 742 3814 donec,
759 3756 874 3819 tempore
888 3747 1007 3801 certioria
1022 3745 1123 3800 consilii
1139 3751 1252 3812 auctora,

171 3819 216 3872 nid
232 3816 296 3870 utile
312 3824 383 3869 esset
398 3833 430 3869 ex
443 3818 500 3886 ipsa
515 3835 598 3872 rerum
613 3817 744 3872 evidentia
757 3817 877 3882 edoctus,
894 3817 1027 3870 occasione
1043 3823 1070 3868 et
1081 3818 1185 3868 fortuna
1197 3831 1253 3868 mu·

152 3835 245 3940 derata
262 3885 301 3938 uti
320 3885 440 3939 debuisse
459 3903 487 3940 ae
505 3887 676 3957 iutelligerata
699 3887 861 3942 securitatem
877 3894 959 3938 autem
976 3885 1025 3938 sibi
1040 3885 1068 3936 in
1082 3883 1204 3953 periculis
1218 3899 1252 3935 ne

153 3955 280 4008 minimam
295 3955 396 4024 quidem
415 3971 509 4024 parare
525 3965 630 4025 possct;
648 3957 735 4010 sedin
755 3973 846 4008 caecos
867 3961 894 4008 et
910 3953 1062 4024 multiplices
1080 3952 1252 4004 calamitatum

152 4024 249 4079 ductus
262 4023 435 4076 delaberetur.
469 4025 531 4093 (V.)
544 4025 722 4095 llpiacopalcm
734 4026 801 4078 enim
814 4023 963 4092 dignitatem
976 4031 1003 4077 at
1014 4020 1144 4090 imperium
1157 4019 1183 4070 iu
1196 4019 1251 4072 nni-

153 4109 222 4156 οισι,
241 4109 308 4162 quae
322 4109 383 4162 para
399 4095 439 4146 eat
456 4093 501 4161 (ut
512 4095 595 4146 omnia
610 4095 778 4164 complectar)
794 4092 874 4146 totius
890 4092 977 4146 muudi
991 4091 1101 4160 optima,
1117 4086 1251 4140 maximum

154 4161 275 4232 quiddam
289 4169 367 4230 atque
379 4161 479 4214 illustre
492 4178 550 4215 ease
563 4179 619 4214 cum
633 4165 759 4216 scirentii
774 4161 945 4230 legislatores,
961 4162 1007 4231 qui
1020 4155 1251 4228 praestantissimas

154 4232 282 4302 quondam
292 4229 453 4302 respublicae
464 4231 664 4298 constitueram
682 4233 774 4287 bonum
787 4233 821 4285 iia
833 4247 890 4286 assa
903 4231 985 4285 visum
997 4235 1046 4292 cat,
1062 4218 1162 4279 bomani
1175 4224 1252 4278 animi
