2966 4826
469 325 822 398 ANNoTsTtoNES.
1107 321 1205 396 119³

84 506 140 545 ιιιιιι
158 497 187 544 et
205 505 303 546 eorum
324 485 495 546 mconomio
516 497 543 544 et
571 481 772 546 ecclesiastica
792 479 925 544 absentio
944 484 989 544 sic
1008 485 1143 564 scripsit.-
1169 483 1206 546 Si

82 591 170 628 uerum
198 583 256 644 est,
288 570 317 627 in
339 571 399 643 uit,
431 566 513 651 quael
542 567 605 630 elici
631 567 720 645 salet,
748 567 802 650 qui
823 591 939 648 gregem
962 583 1080 648 pastore
1096 571 1205 652 privat,

82 655 188 734 utrique
211 592 338 734 pericu?

82 740 128 817 qui
144 752 287 817 pastorem
309 751 389 797 arcet
410 735 449 795 ab
470 735 557 812 ovili,
584 735 720 820 debetque
746 739 798 818 qui
823 750 928 818 pastor
952 751 1014 813 est,
1048 761 1137 820 usque
1163 735 1206 797 acl

81 823 240 900 sanguinem
260 843 316 902 pro
335 845 422 902 grege
443 843 501 882 non
523 819 746 904 derelinquendo
767 819 881 881 labores
899 821 1040 902 perferre,
1061 823 1119 882 nisi
1138 843 1205 882 oum

82 926 147 985 opus
157 903 256 989 fuerit
278 910 309 965 in
332 902 453 988 Synoslo
473 904 704 988 singulis·annis
724 903 766 964 atl
785 901 929 986 agentium
949 903 985 964 tle
1006 903 1089 966 rebus
1111 929 1206 967 neces·

325 677 373 712 um
401 675 513 728 creare,
545 650 680 734 profecto
705 673 796 734 grave
816 649 992 732 supplicium
1013 669 1108 714 manet
1129 675 1203 732 eum,

80 1011 160 1048 sarus
185 988 335 1070 paulisper
362 987 474 1060 abesse,
508 989 613 1073 quibus
640 987 786 1051 conclusis
812 987 941 1052 celeriter
959 987 1008 1050 illi
1028 987 1206 1050 redeuntium

79 1074 128 1148 sit,
150 1075 176 1131 si
196 1072 289 1134 creelit
315 1097 345 1134 se
371 1072 550 1133 redditurum
571 1077 711 1134 rationem
736 1095 849 1134 summo
875 1075 990 1154 pastori
1013 1071 1145 1150 Gbristo,
1177 1087 1205 1134 et

78 1159 104 1216 si
126 1154 230 1235 (lignus
253 1173 295 1216 est
316 1159 431 1216 nomine
449 1161 592 1239 pastoris,
621 1159 678 1218 nisi
700 1157 780 1241 forte
801 1161 890 1218 etiam
907 1171 1027 1239 propter
1047 1161 1206 1220 necessita-

78 1253 131 1298 tem
153 1237 193 1298 acl
213 1241 367 1302 utilitatem
388 1243 554 1302 animarum
578 1245 764 1324 pertinentem
782 1241 821 1303 ab
843 1243 1016 1323 imperatore
1035 1257 1086 1304 aut
1102 1265 1122 1302 a
1142 1265 1206 1326 pa-

79 1323 204 1384 triarcba
226 1329 326 1386 statim
351 1324 495 1386 rediturus
515 1343 641 1388 vocetur.
673 1323 855 1388 Huiusmotli
874 1348 981 1387 causas
1003 1329 1206 1389 oeconomicon

78 1421 104 1466 et
130 1406 342 1470 ecclesiasticas
363 1408 455 1470 breuis
481 1411 631 1471 absentiae
655 1425 808 1492 postorum
836 1408 875 1471 ab
895 1408 1024 1474 ecclesiis
1044 1415 1105 1472 suis
1124 1409 1207 1473 ditt-

78 1505 154 1552 cerat
175 1497 220 1553 uir
243 1509 363 1556 sanctus
381 1497 413 1555 in
435 1494 596 1576 Scripturis
621 1509 648 1554 et
668 1511 839 1566 sanctorum
856 1493 978 1556 Patrum
1005 1493 1207 1558 sanctionibus

77 1573 203 1637 eruditus
229 1577 429 1651 Athanasius,
465 1581 517 1663 qui
544 1577 763 1641 commendatas
789 1578 926 1642 ecclesias
949 1601 1002 1641 sua
1021 1582 1110 1642 ettam
1131 1594 1208 1640 tem-

74 1682 144 1741 pore
165 1664 261 1722 novit:
286 1661 321 1722 cle
342 1662 447 1745 quibus
467 1662 509 1722 ael
528 1667 692 1746 episcopum
712 1664 868 1744 Apameae
886 1662 1031 1740 scribens,
1052 1662 1107 1724 Aa
1122 1661 1215 1746 quid„

76 1746 186 1827 inquit,
215 1771 326 1808 necesse
347 1763 389 1807 est
409 1745 451 1808 od
474 1771 558 1808 suom
583 1771 723 1831 quemque
750 1746 905 1810 dioecesem
926 1750 969 1808 ire
987 1750 1138 1831 propriam
1160 1743 1209 1809 trel

76 1827 325 1908 commendatam,
345 1835 404 1892 nisi
418 1847 450 1891 ιιι
471 1830 557 1914 lupos
576 1829 645 1892 inde
665 1830 816 1895 arceatis?
842 1829 931 1911 Quotl
948 1833 975 1892 si
986 1831 1134 1917 fontaneio
1148 1831 1207 1894 buo

74 1936 125 1974 uos
149 1912 196 1995 (id
217 1930 258 1976 est
281 1913 579 2000 Constantinopolim)
600 1917 705 1978 incitat
726 1932 753 1975 et
774 1916 863 1976 trabit
886 1932 947 1976 tum
968 1915 1098 1977 studium
1119 1931 1208 1999 atque

75 1995 246 2058 desiderium
268 1997 438 2060 consulendi
454 1999 611 2062 multorum
631 1997 735 2076 saluti,
759 1998 847 2084 idque
858 1999 941 2061 ocbis
952 2002 1133 2082 propositum
1150 2011 1204 2077 est,

74 2097 136 2142 tum
156 2086 278 2144 scientio
302 2101 363 2145 tam
384 2082 496 2162 multo,
527 2100 559 2146 ut
579 2106 620 2145 ex
639 2085 697 2145 luto
718 2083 787 2144 urbs
804 2087 924 2166 possitis
945 2087 1032 2146 etiam
1077 2107 1131 2146 uae
1149 2105 1207 2145 sec·

74 2182 123 2226 tra
138 2168 214 2248 fines
241 2183 400 2230 uestrarum
429 2167 593 2230 dioeceseon
613 2171 712 2252 posita
731 2185 799 2230 sunt
818 2167 999 2249 gubernare:
1023 2109 1075 2228 al
1090 2172 1207 2231 exstin-

70 2249 218 2332 guendam
240 2254 319 2314 sitim
340 2256 427 2316 istam
450 2255 589 2337 istiusque
607 2251 699 2314 studii
719 2255 807 2314 vestri
829 2251 981 2326 ardorem,
1002 2255 1100 2314 ueniat
1123 2252 1208 2314 stabis

73 2339 106 2396 in
122 2351 240 2396 mentem
257 2335 348 2412 illius,
374 2340 422 2399 cui
438 2335 568 2418 plurimo
590 2353 759 2400 sanctarum
781 2335 944 2398 litterarum
965 2339 1088 2399 scientio
1111 2337 1207 2398 Tbeo-

72 2420 138 2503 lagi
164 2438 383 2503 cognomentum
408 2419 502 2495 tedis,
533 2419 672 2503 illiusque
697 2443 807 2502 paruae
829 2420 1009 2482 Sasimorum
1035 2420 1206 2498 diaeceseos,

71 2509 119 2570 ita
139 2521 172 2566 ιιι
191 2506 237 2566 uel
255 2521 374 2588 propter
393 2501 597 2566 excellentiam
620 2503 701 2564 illius
721 2501 960 2566 excellentissimi
979 2507 1051 2581 oiri,
1071 2503 1120 2564 vel
1135 2527 1206 2586 pro-

69 2605 137 2674 pter
157 2589 361 2670 aequalitatem
392 2589 529 2661 bononis,
554 2609 612 2670 qua
634 2589 762 2648 contenti
781 2603 839 2648 esse
863 2585 987 2662 «lebetis,
1017 2589 1138 2671 quisque
1159 2609 1208 2646 oe·

70 2691 165 2736 strum
187 2675 267 2732 intra
286 2695 355 2734 suas
374 2697 404 2733 se
413 2674 495 2754 fines
516 2674 670 2733 contineat.
710 2669 904 2750 Quamobrem
923 2673 1080 2745 existima,
1094 2669 1206 2755 frater,

72 2755 173 2818 sleberi
194 2779 214 2816 a
236 2772 263 2816 te
285 2757 341 2818 boo
362 2779 451 2840 usque
475 2753 517 2815 ab
543 2758 729 2838 sanguinem,
765 2769 797 2816 ut
823 2779 889 2818 oum
917 2755 1019 2817 ovibus
1043 2757 1101 2818 tuis
1119 2757 1160 2816 sis
1179 2769 1207 2812 et

70 2846 170 2908 vivas.
212 2839 250 2902 Ει
272 2864 348 2923 quae
367 2855 524 2924 sequuntur
544 2839 642 2900 divine
668 2841 769 2901 amnia
794 2841 923 2919 scripto,
946 2855 974 2900 et
994 2837 1037 2900 ab
1057 2838 1099 2910 iel,
1121 2835 1203 2922 quotl

72 2925 161 2987 nobis
180 2928 293 3006 agitur,
315 2941 341 2986 et
361 2923 403 2986 ccl
425 2922 467 3000 id,
490 2923 570 3008 quael
583 2921 699 2985 Romae
710 2925 782 3005 fieri
801 2922 940 3000 violemus,
961 2922 1135 2986 mirabiliter
1155 2947 1207 2984 ao-

72 3011 294 3074 commotlata.“
323 3011 405 3070 Idem
417 3012 579 3070 Tauriscus
596 3011 626 3070 in
641 3009 745 3070 codem
756 3009 851 3068 libro:
873 3009 1009 3084 „Tamen
1030 3005 1207 3090 respondebo

70 3093 156 3181 quotl
176 3094 361 3156 Athanasius
379 3093 552 3176 patriarcba
568 3091 923 3174 Constantinopolitanus,
947 3115 1030 3176 quem
1046 3114 1137 3176 supra
1154 3093 1206 3152 ite·

71 3204 140 3244 rum
160 3180 294 3251 memini,
323 3181 465 3261 episcopis
486 3175 529 3238 ati
549 3201 618 3238 suas
639 3175 780 3238 dioeceses
803 3175 1053 3259 proficiscentibus
1071 3177 1208 3258 scripsit:

71 3264 110 3326 Si
130 3261 206 3324 moli
229 3279 363 3344 pastores
382 3277 489 3338 essent,
513 3277 545 3323 ιιι
566 3263 760 3322 meminissent
781 3285 839 3324 non
859 3265 919 3322 iam
940 3260 1027 3324 licere
1044 3259 1103 3322 sibi
1121 3281 1208 3342 pros·

68 3348 203 3412 sentibus
226 3371 341 3408 munere
360 3345 507 3428 pastorali
524 3345 637 3432 fungi3
668 3343 701 3405 ii
727 3347 802 3406 enim
824 3369 952 3408 summae
975 3369 1035 3406 esse
1053 3347 1207 3407 irreveren-

68 3437 148 3510 tiae,
173 3449 200 3494 et
220 3429 358 3494 scandali
375 3429 512 3512 plenum,
532 3446 733 3513 praestareque
753 3429 884 3492 absentes
903 3453 978 3507 esse;
999 3444 1031 3491 at
1053 3445 1123 3492 tuno
1144 3451 1207 3491 reos

67 3517 192 3602 quidem
214 3541 273 3577 esse
299 3519 461 3580 uacationis
487 3529 603 3578 suaset
624 3513 779 3576 absentiae.
822 3513 927 3600 Itaque
946 3536 1005 3575 non
1026 3511 1094 3576 licet
1115 3535 1207 3596 proe-

60 3619 166 3664 sentes
187 3626 246 3664 esse
264 3603 292 3662 si
310 3599 385 3662 mali
405 3603 480 3678 sint,
505 3616 532 3660 et
553 3599 684 3660 absentes
706 3622 764 3662 non
786 3615 867 3660 erunt
889 3602 1038 3681 impune.“
1079 3597 1155 3660 vids
1177 3609 1207 3660 et

68 3687 216 3766 epistolas
238 3697 316 3763 octo,
338 3698 399 3748 tres
421 3685 459 3746 sd
479 3688 697 3766 imperatorem,
719 3685 850 3765 quinqua
871 3685 911 3746 sd
931 3685 1105 3766 episcopos,
1129 3684 1208 3744 sius-

68 3771 147 3830 dem
175 3771 328 3832 Athanasii
355 3771 391 3832 sb
421 3771 526 3830 codem
550 3771 697 3831 Turrisno
722 3769 825 3830 Latina
843 3790 962 3846 versas,
992 3779 1022 3830 st
1039 3767 1207 3830 Florentiae

69 3853 173 3916 editos
194 3867 262 3936 post
281 3857 390 3916 librum
411 3856 450 3916 ds
470 3855 642 3916 Residentis
662 3856 826 3915 Pastorum.
854 3854 929 3916 vids
943 3863 974 3916 ct
989 3873 1049 3932 sss,
1065 3873 1141 3934 quus
1153 3872 1207 3913 ox·

66 3950 156 4000 stant
175 3941 204 4000 in
221 3941 329 4000 Codice
343 3940 448 4020 Regio',
472 3941 543 4000 olim
556 3940 734 4001 Tcllsrisno.
768 3957 881 4002 actvm.

159 4045 236 4125 Pag·
260 4045 337 4116 182,
357 4043 385 4108 5.
427 4041 605 4102 Athanasius
620 4042 685 4122 ipsa
701 4041 732 4100 ia
746 4045 851 4127 Neapqi
864 4037 894 4120 ¹⁸¹)
916 4059 968 4101 sou
984 4029 1102 4118 ζητήσει
1117 4053 1207 4113 supra

64 4126 224 4204 indicate,
244 4122 321 4210 πρὸς
341 4123 459 4200 τούτοις
473 4127 525 4190 nol
547 4125 673 4208 pauozol
688 4120 712 4207 ἢ
727 4121 920 4210 μονᾶιιριιιι,
941 4119 983 4207 μὴ
999 4117 1115 4204 διάγειν
1135 4112 1207 4182 iet.

105 4295 140 4363 ⁴)
157 4293 225 4348 vtte
243 4292 308 4349 cot.
325 4293 391 4362 Reg.
407 4293 498 4348 2525·.
516 4291 562 4346 lal.
578 4295 638 4352 ill·
656 4293 690 4350 V.
723 4305 825 4350 natm·

146 4381 304 4450 ιιιφιιιιι
318 4379 430 4452 areg«.
452 4379 508 4433 ιιι.
522 4377 558 4434 ιι.
961 4363 1003 4426 ⁷6
