2966 4826
147 308 246 382 1270
447 325 451 338 ’
546 319 900 392 ANNOTATIONES.

232 477 303 559 Pag.
325 481 402 554 678,
417 482 466 543 12.
482 479 639 562 Περσικῆς
654 474 808 561 δυνάμεως
821 477 1021 562 ἐντετυχηκώς
1032 476 1177 564 ἡγεμόνι]
1188 483 1279 544 Hune

146 581 337 641 congressum
353 573 456 624 narrat
470 563 542 625 ibid.
558 566 715 624 Cantacuz.
757 583 889 627 nucina.

233 651 304 732 Pog.
326 653 404 728 678,
426 651 477 715 19.
520 643 575 724 Οἷς
597 646 728 732 μὲνγὰρ
751 646 886 732 κτήσεις]
916 651 1115 714 Gantacuaon.
1137 673 1203 734 cop.
1225 652 1280 718 64.

143 753 274 796 vussino.

232 823 302 901 Pog·
324 816 401 894 674,
423 823 452 884 2.
497 817 559 881 Καὶ
579 814 656 881 sard
675 823 737 880 ταῖν
762 820 914 881 πλουσίων
936 817 960 900 ἦ
985 818 1155 903 βασκανία]
1188 822 1284 882 Utin

145 903 254 964 divites
269 925 305 964 oc
317 903 405 963 Urhis
420 905 565 986 primores
584 905 708 983 grassati
730 905 844 965 luerint
860 905 998 983 Zelotae,
1019 906 1159 987 pluribus
1178 917 1286 968 narrat

145 989 305 1053 Cantacun.
321 989 373 1053 lib.
389 989 442 1049 Ill.
458 1010 523 1070 cap.
542 991 590 1052 64.
636 1009 767 1049 ursano.

231 1077 302 1156 Peg.
324 1071 400 1148 674,
421 1073 472 1140 24.
517 1072 658 1153 Ζηλωωλς
690 1080 770 1155 σφᾶς
802 1069 913 1150 advolo
950 1069 1162 1157 ἒπωνόμαζον]
1205 1075 1286 1138 Vide

143 1158 243 1220 Gloss.
258 1159 334 1220 mod.
352 1160 481 1221 Graeci&
496 1158 527 1218 in
540 1159 599 1218 hac
613 1179 698 1220 voce.
741 1179 873 1220 oncino.

231 1247 301 1325 Pag.
324 1248 402 1319 678,
426 1249 456 1309 1.
498 1239 604 1326 Ἡγᾰρ
620 1269 666 1307 τοι
681 1240 880 1325 βασιλεύουσα
897 1239 998 1318 πόλις]
1020 1243 1120 1325 Atque
1141 1244 1194 1304 hic
1218 1246 1288 1324 qui.

26 1347 28 1355 ’
106 1352 117 1370 v
144 1327 212 1388 dem
235 1327 383 1406 Gregoras
402 1330 486 1388 locus
503 1329 658 1389 addendos
675 1329 749 1404 illis,
772 1349 847 1408 quos
868 1330 901 1388 in
924 1331 1182 1410 Constantinopoli
1199 1330 1289 1390 Chri-

144 1414 240 1472 stiana
255 1414 437 1494 protulimus
453 1413 489 1474 da
507 1417 569 1474 aius
585 1415 741 1474 commodo
755 1416 824 1490 situ,
846 1415 902 1476 tib.
918 1413 938 1472 l.
953 1425 1028 1480 sect.
1044 1425 1070 1482 1.
1087 1427 1116 1476 ot
1127 1417 1193 1474 ollis
1208 1417 1287 1475 duo.

143 1497 202 1557 hus
214 1499 246 1557 in
262 1497 339 1560 hanc
362 1499 552 1578 sententiam,
573 1499 604 1558 in
620 1501 699 1560 notis
721 1497 760 1558 ad
776 1501 908 1560 Zonaras
923 1501 1049 1559 Annales
1069 1521 1102 1580 p.
1125 1501 1193 1565 149.
1209 1505 1286 1568 162.

143 1603 277 1646 uocans.
1096 1609 1098 1612 ·

233 1673 304 1751 Pag.
328 1671 405 1746 678,
426 1674 477 1734 20.
521 1663 610 1730 Metal
630 1665 687 1749 ydp
710 1665 764 1729 τόν
785 1664 949 1748 Κομνηνδν
962 1661 1111 1750 Ἀλέξων]
1135 1665 1287 1728 Hunolo-

147 1773 215 1813 cum
228 1754 445 1814 illustravimus
457 1764 522 1813 tum
537 1754 569 1812 in
584 1754 686 1814 Fasnil.
700 1755 824 1832 Byzant.
841 1770 909 1834 pag.
928 1757 997 1819 193,
1007 1763 1081 1816 tum
1095 1754 1126 1812 in
1143 1755 1220 1813 notis
1243 1755 1285 1814 ad

145 1839 280 1900 Zonaras
295 1841 423 1900 Annales
440 1860 469 1919 p.
487 1838 557 1904 146.
599 1859 731 1899 nudans.

233 1929 304 2006 Peg.
326 1928 403 1999 678,
426 1927 476 1990 28.
510 1920 625 2005 Ἐγημε
644 1920 742 1988 νόθον
765 1947 793 1985 κ.
812 1922 902 2003 τ.·λ.]
944 1922 1020 1984 Vide
1042 1943 1133 2006 supra
1156 1925 1207 1986 lib.
1229 1925 1288 1988 XI.

146 2029 180 2070 cs
205 2015 259 2075 .8.
301 2028 418 2070 nomn.

182 2029 202 2091 P
234 2097 303 2176 Pog.
328 2097 404 2168 678,
426 2089 477 2156 24.
522 2085 660 2172 Εἰρήνη]
684 2091 765 2150 Alibi
785 2091 1118 2155 nominaturEuclocta.
1147 2113 1263 2155 somn.

231 2177 407 2260 Pagone,
430 2181 480 2242 18.
528 2181 596 2237 Τῶν
617 2171 648 2237 t'
671 2171 755 2260 stirpi
775 2179 1000 2259 προσκειμένων
1024 2177 1134 2257 ὄχλων]
1166 2181 1288 2238 llucan-

146 2264 212 2345 gius
233 2263 265 2320 in
285 2262 492 2322 additamentis
510 2261 548 2320 ad
563 2263 793 2340 constantinop.
811 2262 920 2324 Christ.
936 2283 1003 2344 pag.
1021 2269 1090 2328 146.
1108 2283 1184 2343 quaa
1206 2265 1287 2324 edita

147 2359 216 2408 sunt
236 2357 305 2426 post
327 2356 413 2405 notas
429 2343 460 2404 in
480 2345 642 2422 Zonaram,
666 2347 809 2422 vertebat,
840 2345 917 2408 Gom
933 2371 1001 2410 vero
1020 2345 1104 2430 pleds
1124 2349 1286 2435 eijoveret.

146 2433 265 2508 Malim,
289 2433 344 2492 Ex
363 2429 531 2492 tardavero
549 2429 678 2510 plebeia,
700 2453 774 2514 quoe
789 2435 815 2491 ei
825 2431 963 2516 favebas.
1007 2453 1121 2492 sorvis.

134 2553 138 2564 ·
235 2521 307 2600 Pog.
330 2522 409 2594 682,
439 2521 488 2582 12.
529 2513 586 2578 Ad
607 2513 768 2577 Alexiom·
780 2515 931 2603 fratrem]
970 2515 1134 2580 Micha'e'ls's
1160 2517 1285 2578 scilicet.

147 2623 262 2667 somn.

235 2692 307 2770 Pag·
328 2689 404 2762 682,
428 2687 476 2750 18.
520 2683 645 2760 Mnaso
665 2686 752 2748 δυοῖν
774 2684 955 2766 μειρακίων]
984 2684 1109 2746 Duobus
1126 2685 1289 2747 insensualis

148 2776 325 2852 interiectis3
347 2790 452 2852 nempe
465 2767 583 2831 Basilio
597 2767 805 2854 Aleaeiifils'o‚
829 2785 856 2828 et
871 2790 1015 2853 anonymo
1030 2767 1100 2856 filio
1113 2771 1287 2835 motatio.

148 2879 260 2920 norvrn.

97 2991 100 3017 2
236 2946 306 3024 Pog.
329 2943 405 3015 688,
429 2943 478 3003 17.
521 2943 648 3017 Καφᾶς]
669 2935 866 2998 Theodosium
889 2939 960 2998 olim
982 2941 1159 3019 appellatam
1183 2939 1289 3002 scnhit

148 3021 274 3089 Biaarns
292 3023 342 3086 lih.
360 3025 408 3082 Vl:
424 3023 590 3084 Ganuensia
609 3021 766 3099 historiae,
790 3025 839 3083 uhi
856 3027 942 3084 istam
964 3025 1082 3104 Caphao
1101 3027 1289 3086 obsidionem

149 3123 264 3175 narrat:
288 3121 322 3170 ut
339 3119 369 3169 et
386 3111 582 3170 Canticuzon.
596 3109 648 3170 lib.
664 3107 713 3166 lV.
727 3128 794 3188 cap.
807 3113 857 3174 26.
898 3129 1026 3169 oncino.

237 3203 307 3278 Pag.
330 3199 408 3270 688,
431 3202 483 3265 22.
526 3191 650 3268 Ελωθδς
672 3188 728 3276 γὰρ
745 3200 808 3266 τοῖς
819 3198 981 3270 Λατίνοις,
1006 3195 1056 3258 καλ
1077 3189 1204 3276 μάλιστα
1224 3201 1289 3270 τοῖς

150 3283 184 3346 ἐκ
199 3277 349 3362 Γενούας]
372 3279 555 3340 Froissartus
567 3279 658 3339 tertio
672 3279 786 3338 volum.
805 3299 869 3359 cap.
882 3277 952 3341 XX.
996 3282 1053 3340 Gar
1063 3301 1120 3361 par
1135 3289 1201 3340 tout
1213 3291 1289 3340 vont

151 3367 318 3442 Genovois‚
348 3375 378 3424 at
398 3365 538 3424 viennant
560 3363 870 3442 marchande1·parmi
894 3364 939 3423 las
956 3375 1041 3426 usus
1064 3365 1153 3444 qu'ils
1177 3377 1289 3444 payent

150 3453 269 3534 jusqu’s
283 3453 312 3510 la
334 3459 423 3528 grant
435 3449 523 3524 lude,
544 3449 573 3508 la
593 3461 672 3509 tarra
687 3447 728 3506 du
743 3447 845 3508 Preste
858 3449 945 3524 leon,
968 3459 998 3509 et
1013 3471 1067 3529 par
1081 3459 1145 3509 tout
1165 3451 1203 3508 ils
1218 3459 1290 3510 sont

150 3539 332 3610 hianvenua,
360 3555 439 3616 pour
452 3527 513 3593 l’o'r
532 3544 563 3592 et
585 3535 733 3612 largent,
758 3533 845 3610 qu’ils
858 3543 982 3614 portant
1000 3534 1043 3592 les
1064 3533 1288 3594 marchandisas

152 3621 240 3702 qu'ils
263 3619 427 3696 &changent
449 3639 485 3678 en
509 3617 704 3694 Alexandria,
734 3635 773 3675 au
796 3619 897 3694 Caino,
921 3621 1079 3694 aDonsas,
1103 3629 1133 3678 et
1154 3619 1288 3695 aillaurs,

76 3719 81 3728 '
152 3727 267 3768 comme
288 3705 326 3764 ils
346 3703 531 3780 basongnent
555 3724 615 3764 aux
638 3701 801 3763 Sarrasins.
846 3703 904 3761 Cor
930 3701 1015 3781 ainsy
1041 3704 1108 3762 lant
1134 3703 1157 3762 il
1179 3723 1237 3782 quo
1258 3704 1290 3764 lo

152 3791 261 3854 mondo
282 3811 312 3851 sa
334 3809 500 3868 goarem,
529 3789 617 3868 coqui
636 3791 723 3870 point
742 3789 818 3846 n’est
837 3807 873 3846 sn
893 3807 933 3846 un
957 3787 1023 3867 pais
1042 3799 1087 3848 est
1105 3807 1141 3846 en
1161 3789 1289 3848 l'autrs:

153 3888 184 3938 et
200 3883 342 3959 pourtant
357 3885 424 3934 sont
439 3893 583 3951 cognoues
602 3883 702 3934 tontes
720 3871 842 3946 choses,
865 3881 895 3932 at
917 3891 993 3932 caux
1014 3873 1066 3953 qui
1086 3881 1160 3932 vont
1178 3875 1206 3932 le
1219 3873 1289 3952 plns
1390 3947 1394 3954 Ι

152 3963 249 4042 loing,
273 3973 301 4021 et
315 3959 366 4040 qui
380 3960 448 4040 plus
464 3979 494 4017 se
510 3969 704 4035 svanturent,
727 3967 796 4016 sont
810 3959 972 4032 Genevois,
995 3969 1025 4017 ot
1037 3977 1114 4016 vous
1136 3957 1183 4016 dis
1199 3957 1290 4037 qn’ils

153 4058 291 4128 sontpar
307 4047 409 4106 deasus
433 4045 475 4104 les
491 4043 643 4105 Venitiens
664 4043 816 4120 seigneurs
840 4043 893 4102 des
920 4043 1007 4102 Ports
1033 4043 1070 4101 do
1093 4063 1172 4117 mor,
1195 4041 1289 4102 atlas

126 4127 132 4140 '
155 4133 309 4210 oraignent
328 4131 398 4212 plus
420 4139 449 4190 at
469 4127 615 4190 doubtent
638 4128 849 4189 lesSarrazihs
871 4127 921 4206 qui
941 4127 1025 4187 nulls
1041 4135 1126 4186 antra
1142 4137 1212 4207 gant
1233 4145 1291 4207 par

153 4231 233 4292 mar,
264 4229 296 4278 et
315 4227 385 4277 sont
404 4215 530 4276 vaillsns
552 4213 693 4286 hommes.
709 4223 741 4275 at
762 4211 801 4274 ds
825 4212 921 4292 grand
947 4213 1011 4275 tais
1054 4213 1140 4274 Mitto
1161 4211 1287 4292 reliqua.

153 4319 281 4363 onom.
