2966 4826
498 315 851 386 Auuors‘ssonsss.
1145 308 1243 382 1245

188 469 265 554 Peg.
286 471 366 551 474,
390 475 440 539 13
487 468 655 557 Τριάκοντα
668 469 796 553 petest]
819 473 902 535 Obiit
921 471 1050 554 proinde
1066 474 1243 538 Theodorus

101 555 265 618 Metochita
282 560 361 620 XIV.
378 557 479 618 Msrtii
495 579 573 619 anno
590 559 820 620 MCGCXXXII
861 580 994 623 οοοκυο.

186 657 360 742 Peg-475,
384 669 412 726 1
453 655 538 742 Ἐμοὶ
563 653 648 723 δέ’
622 685 645 722 os
668 656 831 744 πορόντες]
854 661 947 722 Abest
968 659 1043 722 haec
1064 661 1204 724 Monodia
1224 687 1242 723 a

102 744 213 804 Codice
231 748 323 824 Regio
344 747 438 813 2558.
458 753 493 805 ut
516 757 546 806 et
563 747 735 806 Monodia
725 768 758 806 sn
779 747 895 807 obitum
916 747 1081 808 Andronici
1103 749 1241 810 senioris.
1319 793 1323 798 -

99 829 256 889 Lectiones
278 831 444 908 evulgatis
469 831 601 891 diverses
622 831 829 912 suppeditavit
850 831 953 892 Codex
980 832 1186 912 Gelbertinus,
1208 833 1242 894 in

100 933 160 992 quo
172 914 252 975 hene
266 917 304 978 de
322 915 474 978 Theodori
489 915 668 978 Metochitee
683 918 769 978 obitu
785 917 1037 996 lamentationem,
1062 937 1131 980 cum
1148 920 1241 978 variis

97 1001 299 1060 recentiorum
318 1001 503 1070 Graecorum
518 1003 672 1083 opusculis
687 1003 893 1076 coniunctam,
915 1003 1092 1084 reperimus.
1136 1005 1242 1064 Crete·

95 1103 164 1144 suin
188 1085 337 1164 Gregores
359 1108 417 1146 non
439 1089 579 1148 Monodie
600 1089 717 1164 solum,
739 1087 793 1147 sed
816 1097 847 1148 et
863 1087 1025 1168 Epitaphio
1047 1087 1238 1148 Metochitsnr

96 1179 248 1229 mortuum
262 1183 439 1250 prosecutus
454 1181 509 1236 est.
550 1173 597 1235 En
612 1173 809 1254 epigramma,
830 1173 921 1254 qusle
938 1175 1071 1235 occurrit
1083 1175 1169 1236 initio
1183 1175 1241 1236 Ce-

97 1254 175 1314 dieis
191 1256 274 1334 liegii
293 1257 388 1324 2541.

152 1392 229 1466 Τοῦ
254 1393 425 1492 Γρηγοροῖ
449 1391 680 1504 ἐπίγραμμα,
706 1393 765 1470 ἐπὶ
790 1393 844 1492 τῷ
865 1388 971 1492 suippe
994 1397 1064 1470 κοῦ
1076 1389 1237 1491 μεγάλου

545 1516 775 1608 Λογοθίτου.

214 1641 271 1722 Ὃς
291 1642 389 1752 πάρος
410 1645 444 1710 ἐν
463 1649 556 1732 σοφίη
579 1647 654 1732 μέγα
674 1649 767 1723 κυδος
789 1649 844 1730 inv
864 1671 897 1732 γε
917 1653 1051 1730 θνητῶν,

264 1729 355 1808 Βοιὸς
376 1731 433 1796 etet
454 1738 529 1806 λᾶος
549 1737 606 1796 τοῦ
625 1756 659 1814 γε
679 1731 807 1796 κέκευθε
828 1732 928 1797 νέκυν.

221 1822 329 1894 Δῆμος
351 1822 468 1880 σεκτοῑν
490 1811 650 1880 Μουσάων
671 1813 832 1894 ὀλολύξατε
850 1824 964 1883 πᾶσαν·

254 1901 363 1965 ’ditono
383 1909 484 1977 κεῖνος
505 1897 600 1986 οίνήρ
624 1899 714 1968 eisne
734 1905 828 1984 σοφίη
848 1909 942 1969 πᾶσα.

93 2019 259 2099 Scripseret
287 2023 399 2101 credo,
429 2020 520 2084 ωλετο
544 2023 714 2104 πανσοφίη.
757 2024 833 2082 Nam
855 2019 944 2087 είλετο
965 2023 1060 2102 σοφίη
1083 2022 1167 2083 πᾶσιν
1190 2029 1236 2080 est

90 2105 179 2164 nimis
202 2105 399 2168 inconditum.
444 2108 582 2183 Caetera,
608 2129 778 2188 quanquam
795 2111 906 2188 etipse
929 2105 1233 2182 interminacione,

91 2211 151 2250 non
167 2191 299 2272 corrigo;
322 2215 390 2254 curn
406 2193 498 2252 eciem
514 2193 594 2253 iliius
608 2197 753 2274 temporis
769 2200 874 2274 poetes
884 2193 1046 2276 plerosque
1058 2194 1155 2270 legum
1168 2211 1244 2269 sne·¹

90 2277 233 2336 tricarum
253 2280 371 2356 ignaros
393 2299 517 2358 prorsus
541 2279 647 2338 fuisse:
683 2279 732 2340 eui
753 2279 874 2358 quidem
896 2283 940 2340 rei
965 2278 1140 2358 argumento
1162 2289 1234 2339 sunt

89 2368 225 2441 poemate
248 2365 342 2444 ipsius
365 2361 561 2439 Metochitne,
583 2363 642 2422 viri
666 2363 787 2442 quidem
812 2365 911 2440 docti,
942 2363 994 2424 sed
1019 2363 1233 2424 versificatoris

89 2447 230 2526 pessimi,
261 2451 348 2509 cuius
371 2447 533 2529 sepulchre
557 2446 641 2507 nefas
663 2449 722 2508 fuit
749 2449 1066 2530 bonum3epigrsmmu
1095 2448 1228 2508 inscribi.

89 2551 204 2594 sorrrn.

177 2621 248 2697 Peg.
270 2613 349 2692 475,
371 2619 402 2680 8.
450 2609 533 2696 Πρός
555 2607 707 2695 οίβοίσσοος
729 2613 907 2696 πυθμένος]
939 2611 979 2680 Τὸ
999 2609 1153 2696 οίβιίσσους
1174 2616 1232 2674 ed-

87 2701 196 2762 iectivc
213 2710 390 2780 usurpatum
405 2700 535 2760 videtur.
577 2719 722 2760 wocrrus.

176 2789 249 2866 Peg.
273 2785 351 2860 482,
376 2791 404 2850 1.
449 2783 563 2866 Θέρους
577 2782 611 2848 di
622 2783 853 2866 Ιἐπιγενομένου]
876 2785 1102 2845 Centecuzenns
1115 2784 1166 2844 iib.
1177 2784 1229 2850 lii.

9 2911 14 2920 ·
89 2891 154 2951 esp.
173 2871 212 2932 11.
229 2869 331 2930 scribit
345 2869 494 2946 loannem,
516 2880 688 2951 cumpater
705 2869 781 2929 obiit
799 2870 861 2950 (ou.
877 2871 992 2930 scilicet
1011 2869 1229 2952 MCCCLV1.*)

88 2957 165 3016 lunii
179 2951 291 3038 XXV.)
312 2975 477 3015 novennem
499 2955 599 3019 fuisse.
632 2955 761 3015 Proinde
775 2966 864 3017 ustus
878 2977 955 3016 snuo
968 2953 1228 3018 mcccxxxvss.

88 3041 234 3102 laconicus
248 3041 436 3100 duodennem
450 3039 542 3100 suisse
557 3041 609 3100 eit.
644 3060 775 3100 suosne.

173 3147 246 3224 Peg.
265 3147 342 3220 182,
367 3149 416 3208 11.
450 3135 672 3222 Κοντζούστρο]
694 3141 821 3202 Videtur
836 3139 996 3220 legendum
1008 3139 1059 3206 κοί
1074 3136 1228 3222 τζοίστρο.

90 3229 132 3289 iis
146 3226 205 3287 hec
219 3239 346 3308 utreque
367 3227 448 3307 apud
460 3225 583 3287 Lotinos
597 3227 724 3286 usitatos
747 3227 933 3286 decursionis
953 3247 989 3286 sc
1005 3227 1229 3290 monomachiae

84 3313 220 3374 ludicrae
236 3314 335 3394 specie
351 3313 572 3372 dissertationes
590 3311 665 3372 dues
678 3311 824 3372 edidimus
839 3312 878 3371 sd
892 3313 1050 3373 loinvillee
1062 3311 1228 3391 historiam,

84 3399 134 3460 Vt.
150 3399 211 3462 Vii
229 3399 282 3458 ubi
300 3401 450 3477 Gregorse
462 3407 493 3458 et
508 3405 695 3458 coeterorum
713 3399 895 3479 scriptorum
908 3399 1093 3458 Graecorum
1106 3418 1141 3459 οο
1156 3419 1227 3479 spe-

84 3483 198 3546 stanteis
217 3485 302 3545 locos
315 3483 417 3544 multis
433 3481 644 3563 expendimus,
665 3504 795 3543 maxime
809 3503 878 3562 pag
897 3487 967 3552 168·
989 3503 1122 3547 nucero.
1164 3483 1228 3548 Καί

83 3565 246 3649 νκζουστου
261 3595 344 3652 πυρα
334 3567 506 3642 Λατίνοις
519 3565 671 3668 καλειται]
693 3569 738 3627 Its
755 3569 828 3628 cod.
845 3570 965 3646 Regius.
996 3569 1059 3629 At
1051 3591 1081 3628 in
1101 3567 1225 3629 Wolfio-

82 3677 122 3714 nn
139 3657 270 3716 editions
288 3655 446 3734 legebatur
460 3647 673 3734 Κοννζούστρα,
695 3673 771 3732 vex,
795 3661 831 3712 ut
845 3653 920 3713 mihi
935 3653 1066 3730 videtur,
1088 3655 1168 3714 fucta
1187 3674 1226 3714 ex

85 3741 200 3800 Goltice
227 3765 279 3825 que
273 3736 458 3824 inuisere?
499 3738 577 3800 Vide
606 3747 638 3798 ot
660 3747 746 3802 notas
769 3737 914 3820 Ducsngii
937 3740 976 3801 sd
1000 3739 1083 3800 hunc
1110 3741 1222 3802 locum

83 3843 198 3888 sorsin.

153 3913 240 4013 Pog.
262 3913 340 3986 433,
358 3913 389 3977 3
435 3907 474 3972 T'
459 3912 540 3994 ορνε]
562 3907 719 3989 Expressit
735 3907 884 3970 Gallicum
903 3909 1045 3974 Tournoi.
1090 3927 1221 3970 oncino.

81 3985 195 4056 ‘’03‘'
178 4017 275 4076 ετερος
296 4000 356 4056 τοῖν
380 4023 398 4056 α
419 3989 507 4058 (ὄνων
526 3991 692 4078 Τορνεμέν]
722 3993 767 4052 tta
788 3994 868 4054 idem
893 3995 997 4055 Codex
1014 3993 1140 4072 Regius,
1163 4013 1224 4052 non

56 4071 178 4160 ’Τορνε
194 4076 263 4155 μέν
285 4089 319 4137 ut
335 4023 450 4156 legedst
464 4077 598 4141 Wolfius
641 4079 732 4138 Facta
756 4081 844 4139 etiem
867 4078 943 4138 haec
964 4099 1026 4138 vox
1049 4097 1087 4137 ex
1105 4077 1222 4138 Gallice

81 4163 231 4225 vocabulo
244 4165 424 4242 Tornemens,
446 4165 494 4225 rel
506 4164 739 4240 Tourneiemens,
761 4165 841 4244 quod
860 4175 889 4225 et
906 4163 1085 4224 Torreamen
1102 4171 1132 4222 et
1146 4161 1222 4224 Tor·

114 4315 143 4384 1)
161 4315 237 4372 immo
257 4315 425 4372 Mcccllet.
444 4314 512 4370 ίιοιίκ·
530 4313 587 4371 XV.
604 4319 633 4369 st
649 4320 728 4371 mee
744 4331 813 4372 mse
833 4311 1038 4370 MOGGXXXH.
1077 4327 1177 4368 sosssu.
