3034 4828
244 234 318 314 656
543 243 779 316 NiCEPHORI
801 241 1043 313 GREGORAE

83 425 110 476 a
124 421 157 472 ii.
166 421 233 476 6851
246 407 381 498 ἐγεγόνει,
399 408 419 478 ἃ
426 407 505 496 μηδ’
517 405 722 494 δλωςοάδαμῆ
736 409 943 494 προσεδοκᾶτο
951 417 1017 484 τοῖς
1032 400 1252 488 κινδυνεύουσι,
1266 404 1345 492 μηδ’
1496 389 1497 476 i

116 493 167 546 ¹⁰⁶¹·
179 495 294 614 11ρίπλ
314 517 443 601 καρδίαν
468 513 562 596 ἀνέβη
583 508 714 595 θνητήν.
740 517 786 600 τῷ
808 511 864 598 μὲν
886 509 945 597 γάρ
966 515 1091 595 βασιλεῖ
1106 505 1233 594 ἥδιστόν
1252 535 1282 575 τι
1297 511 1351 576 καλ
1496 505 1497 526 ³

246 619 419 704 ἐλευθέριον
444 614 699 682 ἀναπεπνεοκέναι
723 615 856 698 ἐπῆλθεν
882 613 958 696 ὀψὲ,
1000 615 1052 678 καλ
1072 618 1134 678 τῶν
1156 611 1228 678 κατ’
1252 611 1350 678 αὐτὸν

245 717 434 808 πραγμάτων
450 718 546 804 ἀρχὴν
561 719 684 800 νομίσαι
700 719 785 782 τουτὶ
807 717 858 782 καλ
874 713 1063 782 κατάστασιν
1079 711 1226 801 πρῶτην·
1252 721 1297 804 τῷ
1315 716 1351 780 δέ

245 830 307 890 τῶν
332 828 517 908 Τριβαλλῶν
550 821 672 908 ἀρχηγῶ
698 819 741 884 δι’
772 818 865 905 ἀργῆς
894 824 1050 884 ποιεῖσθαι
1073 817 1109 883 sd
1127 810 1270 901 συμβὰν,
1297 820 1376 883 καὶὸ

244 927 404 1014 μεταμέλῳ
420 931 530 1013 μακρῷ
550 923 607 1008 τὴν
621 921 726 1006 ψυχὴ-ν
739 918 936 1004 κατατήκειν,
966 919 1017 987 ὅτ’
1039 922 1072 986 έν
1084 930 1188 1006 χεροῖν
1203 919 1280 1004 έχων
1293 945 1352 1004 με·

245 1036 342 1113 θῖγκεν
359 1025 417 1093 ἀπ’
441 1027 590 1110 ἀβουλίας
611 1025 665 1090 τδν
684 1031 810 1111 μακρῶν
831 1030 1003 1110 θησαυρῶν
1022 1021 1223 1108 γενησόμενον
1238 1023 1349 1105 αίτιον,

150 1141 180 1195 Ρ.
188 1139 238 1198 409
246 1129 325 1198 κατιί
344 1155 377 1196 τε
392 1135 525 1196 πλοῦτον
539 1127 636 1214 ἀρχῆς
651 1123 729 1210 δμού
743 1129 793 1192 καὶ
805 1123 975 1214 χρημάτων
989 1129 1040 1192 καῖ
1055 1126 1191 1214 ἀφοβίας
1204 1131 1266 1192 τῶν
1280 1127 1350 1213 lps-
1496 1171 1497 1238 ρ

246 1240 301 1318 ξῇς
327 1235 498 1316 δαψίλειαν.
553 1229 622 1321 (Ζ.)
645 1226 805 1313 Ἐβούλετο
827 1230 884 1310 μέν
901 1221 957 1295 odo
970 1225 1103 1312 πόλεμον
1118 1228 1260 1313 ἀρασθαι
1276 1227 1349 1294 κατ’
1496 1239 1497 1306 i

247 1338 344 1404 αὐτοῦ
351 1385 362 1418 ,
390 1338 441 1401 καλ
461 1331 564 1420 μάχης
586 1332 678 1420 ἀρξαι
701 1338 896 1418 περιφανοῦς.
929 1331 1037 1407 δεδιώς
1061 1331 1095 1397 δ’
1120 1324 1178 1414 αδ,
1213 1331 1257 1417 μὴ
1273 1330 1395 1423 apricio

247 1438 397 1524 ἀθέτησιν
412 1445 533 1526 πρῶτος
550 1433 698 1523 χωρήσας
721 1433 814 1510 αάτδς
840 1441 902 1501 τῶν
926 1433 1156 1518 ὀμωμοσμένων
1182 1432 1352 1522 ἀντιπράτ-

227 1567 331 1615 ,τοντι
355 1548 523 1629 προφανῶς
542 1535 652 1626 ἐντύχῃ
676 1543 722 1625 τῷ
748 1537 847 1625 θείῳ,
884 1535 1051 1612 κάντεῦθεν
1080 1535 1176 1623 ἣττης
1192 1534 1352 1624 ἀγώνισμα
1496 1535 1497 1610 i

246 1647 366 1729 γένηται
383 1645 461 1730 μέγα
483 1645 534 1710 καὶ
549 1641 615 1726 ἀμα
627 1645 684 1726 τῆς
697 1642 730 1718 ἐξ
744 1636 921 1727 ἀνθρώπων
932 1637 1044 1725 χλεύης
1056 1645 1227 1727 κληροῦχυς
1243 1639 1349 1719 εὐθύς,
1496 1623 1497 1668 ¹

104 1817 108 1824 ,
214 1747 367 1830 Βέπέσχεν
387 1747 418 1822 ές
437 1772 469 1832 γε
485 1747 520 1812 sd
543 1743 659 1833 παρὸν,
695 1749 801 1828 σιγῶσι
824 1749 981 1828 λογισμοῖς
1001 1746 1148 1812 δαπανῶν
1162 1743 1219 1828 τὴν
1233 1739 1351 1828 ψυχήν.

245 1849 332 1937 {pon
352 1849 410 1937 γὰρ
433 1847 584 1934 ἑκατέρων
607 1845 723 1931 μεταξύ
750 1845 795 1910 δι’
821 1843 921 1930 ὅρκων
943 1853 1154 1928 βεβαιωθεῖσα
1172 1847 1349 1932 συμφωνία,
1362 1860 1398 1916 15
1496 1839 1497 1876 ³

245 1953 412 2037 μηδέτερον
432 1951 590 2038 μηδετέρῳ
611 1950 685 2016 ποτὲ
711 1949 851 2033 γίνεσθαι
872 1946 999 2030 κῶλυμα
1014 1948 1093 2036 πρδς
1107 1948 1249 2032 εύτυχίαν
1264 1945 1354 2034 ἧντι·

246 2061 342 2120 ναοῦν
366 2053 580 2139 ἀπαλλαγεῖσιν
607 2047 763 2136 ἀλλήλων,
797 2049 870 2116 ἀλλ’
895 2052 1032 2134 ἐμμένειν
1046 2061 1111 2128 τοῖς
1128 2050 1253 2128 ἀσύλοις
1268 2049 1355 2136 ύροις

247 2155 294 2222 ἀεὶ
312 2163 367 2241 τῆς
380 2158 501 2243 φιλίας,
528 2156 579 2221 καὶ
595 2163 759 2240 συγχωρεῖν
775 2163 845 2228 ταῖς
864 2159 925 2218 τῶν
939 2157 1119 2234 Βυζαντίων
1132 2151 1279 2239 ὑπηκόοις
1294 2151 1356 2220 πύ-

249 2265 349 2340 λεσιν,
378 2259 439 2348 ὅτῳ
453 2255 616 2342 βούλοιντο
633 2265 823 2344 προσχωρεῖν
836 2251 1008 2337 ὃπῶσποτε,
1037 2258 1165 2340 νύνμέν
1179 2257 1259 2324 καθ’
1277 2253 1357 2340 ὃμο-

247 2363 353 2445 λογίαν
359 2411 369 2442 ,
407 2367 462 2428 νύν
484 2360 518 2426 δ’
541 2363 575 2426 έκ
598 2361 775 2447 πολιορκίας
797 2355 949 2447 ἑκατέρων
969 2358 1047 2444 ἀλλη
1073 2359 1176 2449 ἀλλῳ,
1210 2359 1401 2444 ίμπσδῶνὲθ

218 2463 374 2540 cosinae
389 2463 489 2530 υάδενλ
505 2469 689 2530 καθεστῶτι.
716 2459 816 2550 ταύτῃ
836 2465 951 2530 sorarai
968 2463 1019 2528 διὰ
1031 2469 1139 2548 μυχῶν
1150 2462 1265 2552 ἔκρυψε
1279 2485 1356 2530 σιω-

252 2573 313 2652 πῆς
330 2567 366 2632 τδ
380 2566 503 2649 συμβάν
516 2566 552 2633 οὐ
565 2562 651 2650 μύλα
668 2565 796 2636 ἐθέλων.

157 2641 247 2770 Vttss
329 2666 367 2746 ς’,
392 2669 443 2736 Ἐγ
468 2669 507 2755 δὴ
528 2666 649 2748 τούτοις
671 2659 743 2753 ἧκεν
769 2668 803 2734 ἐκ
827 2668 998 2744 Θετταλίας
1017 2669 1068 2734 καὶ
1091 2663 1108 2734 δ
1131 2673 1188 2734 τού
1203 2667 1357 2752 βασιλέως

318 2815 361 2870 15.
384 2813 426 2867 ita
443 2832 507 2868 corr.
525 2813 600 2870 Boir.
618 2830 665 2884 pro
684 2815 885 2884 βεβαιιιθεῖσαι
901 2812 1068 2882 συμφωνίαι,

1496 2391 1497 2424 ι

1496 2577 1497 2610 ι

247 2933 316 2998 ium,
333 2932 477 2986 nullatenus
491 2931 615 3003 praevisa
631 2932 751 2997 fuerant,
769 2949 817 2986 nec
830 2931 964 2985 humanam
983 2930 1010 2984 in
1026 2933 1134 2984 mentem
1148 2945 1260 3000 unqusm
1273 2947 1356 2984 vene·

247 3011 314 3058 rant
348 3003 374 3055 Is
390 3003 487 3073 quippo
506 3010 612 3057 eventus
636 3001 704 3076 ipit,
725 3011 756 3056 ut
773 3001 913 3072 imperator
933 3000 1035 3070 quidem
1055 2997 1204 3054 suavissime
1223 3017 1254 3054 ac
1273 3001 1356 3054 iibere

248 3073 350 3124 tandem
365 3073 521 3142 respiraret,
538 3069 652 3141 iiiudque
670 3071 722 3125 sibi
740 3087 825 3126 rerum
841 3071 1009 3124 secundarum
1027 3069 1127 3136 initium
1143 3085 1174 3120 ac
1187 3067 1293 3137 primurn
1308 3087 1356 3124 ve-

249 3141 298 3196 luti
311 3142 498 3194 fundamentum
513 3159 570 3194 esse
584 3141 705 3194 duceret:
722 3139 894 3195 Triballorum
908 3146 993 3191 autem
1006 3155 1052 3191 rex
1069 3137 1132 3191 iliud
1151 3137 1246 3190 iactum
1258 3138 1357 3192 irascc-
1496 3171 1497 3216 γ

250 3219 337 3272 retur,
353 3227 384 3262 ac
399 3209 558 3278 poenitentia
573 3210 735 3272 tabesceret,
751 3209 820 3278 quod
834 3225 908 3277 quem
923 3207 950 3260 in
969 3207 1084 3259 manibus
1101 3207 1227 3260 habuerat
1245 3225 1293 3276 per
1306 3207 1356 3260 im·
1496 3225 1497 3268 i

250 3277 410 3346 prudentiam
426 3277 581 3340 dimisisset,
599 3294 745 3345 magnorum
762 3277 983 3330 emolumentorum
997 3275 1154 3328 occasionem
1167 3275 1279 3330 futurum
1293 3275 1355 3340 sibi,
1496 3273 1497 3320 ί

250 3345 306 3402 sive
320 3345 452 3412 imperium
466 3353 493 3398 et
505 3343 670 3414 pecuniarios
684 3345 783 3398 reditus
795 3362 901 3412 augere,
916 3343 973 3395 aive
985 3345 1148 3396 securitatem
1160 3343 1211 3397 sibi
1224 3343 1250 3396 in
1264 3353 1354 3414 poste·
1496 3321 1497 3390 d

250 3431 306 3496 τρια
321 3411 420 3482 plenum
436 3430 529 3482 parere
546 3411 678 3465 voluisset
713 3413 801 3494 (Vli.)
824 3413 923 3466 Bellum
942 3412 1024 3480 igitur
1041 3413 1145 3494 volebat
1166 3429 1226 3496 cum·
1241 3431 1272 3496 eo
1295 3431 1356 3468 sus-
1415 3451 1419 3458 ·

249 3479 1186 3619 titt?piissimiet„dimittitadstitisset:
1204 3489 1356 3620 {sitiit
1496 3573 1497 3632 ,

250 3618 291 3671 dis
304 3635 411 3687 magnae
424 3617 564 3688 exemplum
576 3619 660 3682 tieret,
677 3618 784 3688 risuque
797 3619 923 3674 bominum
937 3618 1023 3672 stetim
1037 3619 1208 3689 exciperetur,
1226 3621 1355 3676 continuit
1496 3637 1497 3662 ι

250 3705 278 3740 se
294 3686 320 3738 in
335 3700 473 3770 praesens,
490 3695 517 3740 st
534 3687 622 3740 tacitis
643 3685 841 3756 cogitationibus
861 3687 969 3741 animum
990 3689 1153 3758 consumpsit
1191 3689 1355 3744 Convenerat
1496 3663 1497 3752 δ

250 3755 317 3809 enim
334 3761 403 3808 mter
416 3763 548 3824 utrumque
565 3755 682 3824 pactione
700 3755 862 3810 iureiurando
877 3757 1043 3818 confirmata,
1061 3775 1093 3809 ne
1111 3774 1221 3828 unquam
1236 3757 1301 3810 alter
1315 3757 1357 3810 si·
1496 3759 1497 3826 ί

250 3825 301 3878 tori
315 3825 444 3887 obstaret,
462 3823 574 3880 meiioris
587 3825 761 3894 cuiuscunque
772 3827 892 3880 fortunae
905 3843 981 3880 causa
996 3825 1138 3879 discedenti
1154 3827 1186 3878 ab
1200 3825 1291 3890 altero,
1306 3827 1356 3880 sed
1496 3857 1497 3870 ι

249 3901 280 3948 ut
294 3893 362 3948 intro
378 3892 514 3950 inviolatos
529 3893 657 3948 amicitiae
675 3893 739 3948 fines
755 3903 899 3949 moneretur
917 3911 1032 3964 semper,
1049 3893 1134 3977 iisque
1147 3895 1268 3958 urbibus,
1287 3911 1356 3964 quae

249 3963 411 4032 Byzantinus
424 3961 527 4014 ditionis
542 3969 637 4026 essent,
654 3961 746 4020 liceret
761 3963 794 4018 sd
807 3969 892 4018 utrum
905 3963 1002 4016 veilent
1015 3981 1043 4016 se
1060 3961 1199 4032 adiungere
1214 3963 1356 4032 quomodo-

251 4047 360 4102 cunque,
375 4031 431 4086 sive
445 4029 590 4084 voluntaria
601 4031 741 4097 deditione,
755 4032 812 4085 sire
841 4039 958 4102 ostquam
969 4033 1002 4085 ab
1016 4031 1141 4086 alterutro
1157 4031 1277 4088 obsessae
1287 4031 1358 4085 iuis-

250 4107 323 4164 aent‚
340 4100 378 4155 ita
394 4104 424 4155 ut
442 4099 494 4154 slis
508 4099 552 4153 alii
566 4100 686 4165 cederet,
703 4109 794 4155 neutro
834 4100 884 4156 teri
897 4101 1025 4156 obstante.
1058 4099 1159 4158 Idcirco
1178 4099 1223 4156 iilo
1242 4097 1272 4155 id
1285 4099 1357 4172 quod

251 4170 383 4224 acciderat
398 4169 501 4237 silentio
518 4168 615 4239 pressit
631 4185 682 4220 non
699 4169 790 4224 iibens.

319 4239 346 4294 6.
367 4239 472 4295 interea
491 4253 525 4294 ex
544 4235 684 4294 Thessalia
701 4238 808 4296 sdraoit
829 4241 857 4293 et
874 4237 1037 4311 imperatoris
1058 4235 1226 4294 consobrinus
1244 4237 1355 4296 Ioannes
