3120 4840
411 311 647 402 msromm
663 313 943 386 umummua
964 275 1087 388 xxm
1210 307 1284 380 οτι

187 475 272 550 οὕτω
287 473 467 568 γραφδμττοὶ
485 502 530 546 τε·
540 481 591 546 καὶ
610 473 762 564 ruodperti
775 503 821 569 cqc
835 483 898 546 τῶν
913 473 1057 548 δπδντων
1077 475 1171 570 ἕτέρφ
1190 477 1316 567 μέχριλ
1326 489 1355 549 c,
1368 487 1435 548 1³51

187 584 240 650 ecel
263 583 295 660 ἐς
316 581 373 667 τήν
388 578 522 670 τήμερον
541 581 642 650 uideri
667 581 738 650 οὔτε
757 581 837 668 πρδς
851 581 965 664 edroi,
992 581 1063 650 οδτι
1084 581 1162 669 πρδς
1180 559 1448 686 ἧμαλν,ωξΰὶζοέ’

187 683 258 753 orire
270 685 348 772 πρδς
359 683 463 774 ἐτέρου
479 691 542 754 τῶν
557 682 705 753 ἁπάντων
722 681 854 764 οὐδενός.
880 679 902 772 ἦ
922 686 982 774 γὰρ
998 684 1037 752 διν
1060 687 1154 754 ἐτέθει
1175 711 1208 754 τε
1229 691 1282 753 καὶ

192 788 249 868 τδς
261 785 406 859 tuimur
421 787 517 870 ἇκοδς
531 785 695 874 περιηδλει,
715 791 894 876 λαλέοτερος
909 786 1020 856 ἑαυτοῦ
1033 785 1216 876 γιγνόμενος,
1232 791 1284 856 καλ
1296 795 1329 853 Ρ.
1344 797 1398 859 610

168 891 371 981 δπφιεκρότει
398 891 490 960 πλέον
508 889 529 978 ἢ
550 889 713 977 θαλάττης
735 888 921 979 δβριζοδσης
945 897 1090 981 plorator
1116 894 1287 980 παραλίους

184 997 308 1086 πέτρας.
362 993 428 1086 (Γ.)
449 993 519 1064 Ὅτι
541 995 601 1082 γὰρ
622 995 766 1082 ἀνωτέρω
786 994 897 1083 μικρδν
918 994 997 1082 πρὸς
1019 1001 1076 1064 τοῦ
1100 991 1284 1084 σοφωτάτου

184 1100 334 1168 δέδεικται
348 1098 467 1184 πατρδς
484 1099 597 1164 ἐκείνου
619 1106 676 1166 τοῦ
691 1103 723 1164 Γ
719 1105 842 1186 ραπτοῦ
866 1095 1052 1186 Θεοδώρου,
1079 1096 1129 1166 ὅτε
1152 1098 1208 1176 τὰς
1228 1105 1285 1166 τοῦ

184 1200 318 1289 μεγάλου
339 1208 505 1290 φωστῆρος
517 1207 574 1286 τῆς
589 1201 752 1287 ἐκκλησίας
772 1203 936 1269 Βασιλιέυυ
956 1198 1060 1290 ῥήσεις
1080 1199 1285 1290 διερμηνεύων

183 1302 424 1392 προκεκδμισταέ
439 1331 510 1388 μοι,
539 1305 588 1371 inl
603 1312 659 1391 τῆς
676 1303 778 1391 ἁπλῆς
793 1307 844 1374 καὶ
857 1303 1025 1391 ἀσωμάτου
1046 1305 1142 1390 λέγων
1162 1303 1285 1392 φύσεως

141 1408 239 1475 1οτδν
263 1407 360 1480 αὐτὸν,
378 1408 573 1494 ἐπιδέχεσθαι
591 1405 681 1496 λόγον
699 1409 756 1495 τὴν
777 1408 925 1496 ἐνέργειαν
945 1414 985 1498 τῇ
1005 1407 1114 1500 οδσέρν
1141 1409 1314 1498 (πρᾶγμωΒ

181 1511 241 1600 γὰρ
262 1507 504 1598 αδθδπυρκτον,
529 1512 574 1598 μὴ
592 1509 735 1598 δεόμενον
755 1509 860 1599 ἐτέρου
880 1511 959 1601 πρδς
978 1507 1146 1593 σύστασιν,
1174 1507 1285 1578 ὁπότε-

182 1640 239 1703 ρον
263 1613 302 1682 tv
323 1615 427 1682 ἐθέλοι
445 1639 508 1699 τις,
541 1612 732 1703 ἀπεφήνατο)
760 1617 855 1702 δῆλον
874 1617 969 1684 παντί
987 1641 1058 1683 που.
1100 1611 1149 1680 ὅτι
1177 1615 1285 1681 δὲκαὶ

181 1717 271 1786 τοῦτ’
287 1719 389 1808 ἐκείνῳ
404 1719 485 1785 κατὰ
500 1717 614 1786 ταδτδν
627 1723 739 1808 κομιδῇ
753 1724 904 1806 λαμπρῶς
920 1719 1202 1799 συναποδεέκκυται,
1227 1719 1286 1800 δῆ-

181 1825 237 1888 λον
261 1819 300 1888 διν
320 1821 366 1908 εἴη
388 1823 439 1888 καὶ
455 1827 548 1889 τοῦτο
569 1833 636 1900 τοῖς
652 1821 862 1906 βουλομένοις.
901 1821 939 1888 τδ
961 1821 1021 1908 γὰρ
1038 1819 1182 1888 ἄκτιστον
1201 1818 1286 1906 ἐνέρ-

139 1924 264 2010 15γιιαν
277 1924 422 1992 οἴκτιστον
437 1925 546 2004 οδσέαν
555 1929 807 2014 χαρακτηρίζειν,
834 1919 959 1992 εἰπόντα
967 1973 978 2006 ,
1000 1919 1079 2010 μήτε
1092 1921 1156 2010 μὴν
1171 1923 1284 2009 drapo-

181 2029 239 2115 ρδν
254 2027 399 2096 ἇκτέστου
413 2029 492 2116 πρὸς
508 2028 651 2096 οἴκτιστον
669 2031 750 2120 (πῶς
764 2027 824 2116 γὰρ
830 2077 842 2110 ,
865 2025 883 2094 δ
897 2039 963 2106 ταῖς
977 2034 1052 2094 πᾶσι
1067 2023 1148 2108 ὅμοδ
1160 2021 1283 2112 πατρᾶ-

180 2154 231 2198 σιν
245 2130 416 2218 ἀπείρηται,
429 2135 527 2218 μηδὲν
540 2139 597 2216 τῆς
613 2137 702 2211 θείας
715 2135 766 2200 καὶ
779 2129 1028 2218 τριυυποστάτοο
1040 2127 1163 2217 φύσεως
1176 2129 1311 2212 ἐτερανῦ

181 2231 323 2302 ἔκτισται
336 2233 413 2302 εέναι
430 2233 601 2324 διαρρήδην
621 2233 819 2323 ὁμολογοῦσι)
844 2231 930 2319 μήθ’
950 2235 997 2302 ὅτι
1020 2235 1123 2320 ἕτερον
1144 2233 1283 2316 θατέρου

179 2333 316 2424 θάτερον
320 2388 331 2420 ,
352 2339 409 2424 τὴν
421 2339 502 2422 πρδς
520 2340 617 2406 ἐκεῖνα
634 2337 807 2414 δεικνύντος
819 2339 884 2404 ἐστὶ
900 2342 1059 2427 συμφυΐαν
1078 2359 1111 2402 τι
1134 2337 1185 2402 καλ
1205 2333 1283 2400 ταδ-

137 2436 307 2526 Ξθτδτητα.
333 2442 485 2528 μηδὲγὰρ
504 2441 543 2508 δέν
557 2467 632 2509 ποτε
650 2441 744 2530 φδσιν
758 2441 846 2526 ἐχειν,
869 2441 900 2508 ἐν
915 2451 980 2518 τοῖς
994 2439 1094 2518 οὕτως
1107 2436 1283 2523 ἀναγκαίοις

179 2544 343 2630 διαφωνεῖν
358 2544 431 2621 rode
445 2542 560 2631 ἁγίους.
595 2541 638 2622 ὥς
650 2545 709 2630 γὰρ
723 2541 892 2626 ἐκεΐλόγων
913 2541 1083 2628 ταῦτότηι,
1112 2539 1212 2616 οὕτως
1232 2537 1282 2608 ἐν·

177 2651 286 2712 ταῦθα
307 2645 344 2712 τδ
355 2649 591 2735 χαρακτηρέζειν
603 2649 646 2724 εἷς
659 2649 767 2716 ἕνωσιν
789 2645 854 2730 δι’γει
874 2643 913 2710 τὰ
933 2653 972 2734 τῇ
987 2647 1063 2724 λέξει
1082 2637 1139 2708 δύο
1153 2645 1282 2707 δοκοῦν-

247 2843 290 2897 11.
307 2838 464 2898 latacen
478 2841 546 2897 coni.
557 2842 633 2898 Boio.
702 2841 745 2900 15.
761 2837 878 2913 μηνύειν
895 2841 962 2896 cani.
979 2839 1057 2896 iden.
1074 2854 1122 2908 pro
1138 2833 1205 2907 μην.

179 3027 211 3066 ex
225 3012 343 3068 aurbu·
353 3011 386 3066 ed
400 3013 468 3068 hano
481 3011 549 3068 diem
561 3029 642 3084 neque
656 3013 689 3066 ab
702 3031 733 3068 eo
746 3017 792 3067 aut
805 3031 821 3068 a
835 3010 909 3066 nobie
920 3013 1042 3084 repertor
1053 3014 1110 3074 eet,
1128 3007 1173 3092 qui
1186 3007 1225 3062 cic
1239 3006 1281 3062 rel

178 3081 315 3152 scripserit
326 3081 368 3136 vel
382 3081 501 3136 renuerit.
528 3081 648 3152 Alioquin
662 3083 704 3136 hic
718 3083 877 3152 protulisset,
897 3087 924 3134 et
934 3097 964 3134 aa
974 3081 1032 3149 ipeo
1044 3077 1186 3147 loquamur,
1200 3075 1282 3131 omui-

178 3167 222 3206 um
239 3167 315 3204 nureo
331 3149 540 3206 circumsonando
554 3159 581 3206 et
595 3151 796 3222 perstrependo,
814 3151 944 3205 fremitum
956 3149 1033 3204 muria
1044 3147 1166 3211 vicisset,
1183 3147 1281 3200 circum

179 3235 242 3274 rura
256 3221 383 3274 maritima
399 3221 593 3274 debacchantis.
628 3221 707 3290 (lll.)
723 3221 794 3274 Idem
811 3221 907 3291 quippe
926 3237 983 3272 ecee
995 3217 1162 3272 substantiam
1177 3223 1204 3269 et
1218 3233 1280 3298 ope·

177 3287 292 3344 ratione·
309 3289 411 3342 divinar
426 3289 503 3360 paulo
517 3307 597 3360 cupre
610 3289 807 3344 demonstratum
823 3307 896 3352 eme,
915 3288 1021 3342 cuilibet
1035 3293 1124 3358 petet:
1142 3285 1194 3338 iilic
1209 3283 1280 3336 emli-

177 3365 234 3422 cat,
252 3359 296 3412 ubi
310 3359 525 3428 mpientiooimum
540 3359 643 3412 Patrem
658 3359 823 3412 Theodorum
837 3357 984 3428 Graptum,
1003 3355 1086 3424 magni
1100 3354 1226 3406 eccleciae
1239 3351 1280 3405 lu-

176 3428 253 3482 minis
265 3427 299 3482 D.
317 3427 408 3481 Baeilii
423 3428 505 3482 verbe
518 3427 743 3498 interpretantem,
766 3433 845 3498 atque
858 3427 884 3479 iu
899 3425 1009 3496 simplici
1023 3432 1050 3478 ct
1062 3424 1214 3493 incorporea
1232 3438 1279 3475 na·

175 3504 237 3552 ture
255 3497 427 3552 definitionem
446 3498 553 3552 eaodem
575 3515 590 3550 ο
610 3496 719 3550 orationi
742 3515 774 3550 ac
796 3495 956 3550 substantiae
982 3491 1121 3548 convenire
1140 3491 1277 3556 dicentem,

119 3607 120 3610 ,
177 3567 351 3635 preturium
387 3567 492 3638 Quippe
505 3516 652 3620 utramfibet
666 3565 833 3620 definiendam
849 3583 907 3618 ecee
922 3563 1004 3627 dixit,
1020 3579 1074 3616 rem
1091 3579 1138 3632 per
1150 3577 1178 3614 aa
1192 3560 1278 3614 aubri-

177 3641 302 3702 simon,
319 3653 368 3690 nec
380 3637 414 3690 ad
427 3635 618 3692 concietendum
633 3635 685 3688 elia
699 3653 730 3688 re
748 3635 915 3705 indigentem.
959 3633 1013 3686 Sed
1033 3639 1060 3685 et
1077 3629 1279 3684 luculentissime

176 3704 226 3759 hoc
239 3705 322 3776 iprum
336 3706 380 3759 illo
395 3705 505 3760 concilii
518 3705 648 3774 generalia
663 3705 730 3758 eexti
745 3703 889 3758 testimonio
909 3701 1007 3774 pariter
1021 3697 1205 3764 demonstrari,
1222 3698 1278 3752 eri·

176 3773 240 3828 dene
257 3775 339 3828 cuivis
359 3775 472 3830 iuturum
493 3783 542 3828 aet.
585 3773 653 3827 Nem
673 3775 719 3844 qui
735 3791 782 3844 per
799 3775 939 3826 increatam
958 3770 1135 3842 operationem
1155 3769 1278 3822 sumtuu-

177 3843 240 3896 fiem
253 3843 393 3898 increatam
414 3851 486 3898 certo
504 3845 656 3898 charactere
676 3843 774 3912 signori
793 3841 875 3906 dicit,
893 3857 924 3894 ac
939 3857 1022 3909 neque
1040 3839 1154 3909 aliquam
1170 3835 1279 3890 increati

177 3911 210 3963 ab
225 3909 340 3966 increato
352 3912 523 3968 differentiam
535 3911 633 3966 indicat
648 3909 786 3982 (quomodo
804 3923 888 3964 nutem
907 3909 1046 3968 indiceret,
1065 3916 1155 3960 contra
1170 3905 1279 3959 omnium

178 3978 253 4031 simul
272 3980 379 4034 Patru-
399 3983 593 4044 auctoritatem,
611 3981 656 4050 qui
675 3981 769 4034 nullum
790 3979 876 4045 aliud,
900 3985 1004 4048 praeter
1023 3975 1135 4030 divinam
1148 3973 1176 4027 in
1194 3973 1279 4026 tribue

177 4045 359 4114 hypostasibus
372 4059 504 4116 naturam,
522 4051 663 4106 inermium
677 4067 734 4102 cese
751 4050 848 4102 diserte
866 4047 1022 4102 confitentur
1029 4045 1057 4112 i)
1075 4060 1160 4112 neque
1171 4042 1278 4122 altarum

178 4115 212 4169 ab
231 4115 312 4168 ultano
330 4117 459 4172 dlveroum
473 4137 531 4174 aare
547 4121 601 4186 ait,
618 4118 641 4170 ia
661 4123 734 4171 certo
752 4117 850 4170 illarum
864 4133 950 4169 rerum
964 4113 1104 4168 naturalem
1119 4111 1279 4162 coniunctiu-

178 4199 236 4236 σου
248 4190 276 4236 et
291 4183 453 4240 identitatem
468 4187 590 4242 declaret.
629 4185 688 4240 Nec
700 4186 765 4238 euim
778 4185 805 4238 in
818 4185 866 4248 iio,
884 4202 951 4256 quae
969 4182 1033 4236 adeo
1048 4173 1196 4231 necessaria
1208 4179 1278 4240 emat,

178 4253 288 4308 Sancto·
303 4252 441 4308 dimentire
454 4254 523 4310 ratio
537 4255 644 4325 petitur.
678 4255 780 4323 Nempe
801 4259 831 4306 ut
849 4251 901 4304 illic
921 4247 1081 4306 definitiones
1100 4243 1222 4308 eaedem,
1238 4245 1279 4297 ito

177 4321 220 4377 laic
237 4324 322 4394 iprum
339 4325 562 4396 χαρακτηρίζειν,
585 4323 657 4396 quod
678 4331 719 4378 eet
735 4329 808 4380 certo
828 4322 980 4378 charactere
995 4315 1116 4387 riguam,
1138 4329 1216 4368 unum
1237 4313 1278 4366 el-
