2994 4830
322 323 556 398 HISTORIAE
577 325 853 396 BYZANTINAE
874 315 962 398 xlv.
984 334 1015 398 8.
1134 317 1207 392 721

116 517 184 569 τοις
204 493 256 558 κοιλ
277 485 435 573 βάναυσον
458 487 566 574 άγουσι
584 492 654 573 βίον
672 499 785 556 ποιεῖν·
812 489 845 556 ἐκ
867 489 901 557 δέ
916 485 1065 577 θορδβων
1077 485 1208 577 εέρήνην,
1228 505 1292 558 λδ.
1307 499 1375 560 1814

117 595 192 662 odos*
205 606 270 670 τοῖς
285 588 408 680 σφόδρα
424 602 559 669 συνετοΐς
579 592 666 676 μάλα
679 619 727 658 τοι
743 591 862 661 εδοδον.
887 593 923 660 ri
938 593 1066 680 μὲνγὰρ
1084 577 1374 698 αδτονο-ῙἛΘᾞῩ

115 699 176 788 μίρ
193 694 314 784 φάσεως
337 695 459 781 elyseus·
489 691 510 779 ἢ
535 693 677 784 δὲφύσις
699 694 833 762 ἄτακτον
848 699 898 762 καλ
914 693 1077 781 άνάμαλον
1091 693 1241 780 uinciri-B

117 824 208 886 γηται
222 796 314 865 εἶναι·
340 797 376 864 cd
393 800 426 864 δέ
441 800 562 890 παιδείᾳ
573 803 624 866 καὶ
638 799 754 864 συνίσει
769 800 991 886 βεβουλευμίνη
1009 801 1059 866 καλ
1072 796 1213 887 σώφροσι

98 909 276 988 αλογισμοΐς
292 903 463 980 οέακίζεται.
490 897 565 968 ὅθεν
587 902 623 968 od
637 902 694 985 μὲν
708 901 827 980 καλιάς
842 901 899 968 οὐκ
920 899 1016 980 οὔσας
1029 900 1214 970 ἀναπλάττει

117 1002 305 1092 προφάσεις,
333 1001 444 1090 ἐφόδια
465 1007 588 1090 πορίζον
605 1014 674 1082 ταῖς
692 1000 824 1089 μάχαις·
851 1004 887 1072 sd
911 1007 945 1072 δέ
969 1007 1019 1070 καὶ
1039 1005 1096 1084 τάς
1119 1004 1216 1082 οὔσας

117 1109 269 1190 ἐκτίμνειν
284 1111 440 1193 πειρῶται,
468 1105 611 1196 καθάπερ
626 1107 731 1194 ἐατρδς
749 1107 810 1192 πρδ
825 1114 881 1191 τῆς
894 1105 1034 1194 βλάστης
1050 1109 1082 1174 ἐν
1094 1115 1132 1197 τῇ
1146 1107 1241 1196 ῥίζηο

116 1210 175 1295 τὴν
198 1211 368 1296 θεραπείαν
386 1207 580 1294 τεχνάμενος.
625 1208 696 1299 (Β.)
718 1209 805 1293 Ἐμοὶ
828 1211 885 1294 μέν
904 1203 959 1278 orio
985 1209 1036 1278 διά
1060 1238 1092 1278 τε
1116 1219 1216 1278 ταῦτα

118 1313 242 1396 βέλτιον
258 1314 313 1378 τὸν
327 1308 454 1397 ἧσάχιον
468 1312 550 1391 ἐδοξε
563 1315 632 1396 βίον
649 1311 778 1380 ἑλέσθαι
781 1362 792 1394 ,
814 1317 865 1380 καλ
879 1312 944 1398 ἅμα
956 1315 1137 1406 μεμνημένῳ
1158 1313 1215 1380 κά-

81 1431 111 1484 10
119 1427 198 1482 κεῖνο
222 1415 259 1482 τδ
279 1411 425 1498 Ζήνωνος
448 1423 503 1482 τοῦ
529 1422 648 1504 σοῳοῦ,
676 1415 759 1494 ὅπως
780 1417 811 1482 ἐν
831 1419 994 1508 συμποσίῳ
1005 1425 1133 1508 μακρῷ,
1153 1424 1216 1486 τῶν

117 1518 222 1585 ἄλλων
241 1525 350 1604 σοῳῶν
375 1519 577 1596 ἐπιδεικτικῶς
596 1529 661 1596 τοῖς
673 1520 706 1585 ἐκ
724 1523 912 1603 Βαβυλῶνος
933 1519 1122 1605 ὁμιλούντων
1141 1521 1216 1609 πρί-

115 1629 224 1702 σβεσιν
232 1670 244 1702 ,
270 1617 366 1703 μόνος
383 1619 476 1698 αδτδς
491 1617 605 1688 ἐσιῶπα
613 1671 624 1702 ,
650 1623 702 1686 καὶ
716 1621 773 1706 τὴν
789 1625 889 1688 αίτίαν
902 1629 965 1690 τῶν
978 1625 1132 1710 πρίσβεων
1145 1625 1215 1710 ἐρο-

114 1725 218 1810 μίνων
238 1729 295 1807 τῆς
314 1729 449 1808 σιωπῆς,
472 1723 519 1790 ’ἶν’
541 1724 637 1808 δ’χοιεν
657 1723 852 1810 άπαγγίλλειν
876 1732 920 1814 τῷ
942 1732 1066 1809 βασιλεῖ’
1076 1727 1172 1812 σαφές
1186 1743 1246 1800 τι»

114 1831 185 1914 περὶ
202 1825 318 1892 αὐτοῦ·
345 1826 577 1914 ,,πορευθίντες
590 1827 821 1914 άπαγμείλατε,”
835 1831 940 1916 popolo,
958 1831 1061 1909 ,,ι’δει”ν
1076 1831 1107 1894 ἐν
1116 1826 1216 1914 Ἀθή-

81 1943 188 2008 lisam
203 1929 384 2016 ἄνθρωπον,
404 1937 523 2020 σιωπᾷν
536 1931 567 1996 ἐν
583 1932 744 2019 συμποσίῳ
760 1927 964 2014 δυνάμενον.”
990 1930 1056 2021 (Γ.)
1071 1927 1162 2000 Οὕτω
1176 1931 1215 2018 δὴ

116 2032 285 2121 πεπραχώς
301 2035 353 2098 καλ
368 2032 462 2110 αδτδς
480 2030 584 2120 ἐώρων
605 2031 706 2120 ῶσπερ
720 2034 754 2098 ἐκ
772 2040 902 2111 σκοπιάς
919 2029 1043 2122 σφόδρα
1058 2035 1217 2124 ἀντιφιλο-

115 2143 293 2212 νεικοῦντας
308 2135 382 2214 τοδς
396 2133 586 2224 ἐκατέρωθεν
606 2133 845 2224 άναβράσαντας
869 2135 1028 2216 κλύδωνας
1050 2137 1083 2206 ἐκ
1105 2163 1139 2205 τε
1153 2143 1217 2206 τῶν

116 2240 277 2324 δημοσίων
304 2237 336 2304 ἐκ
358 2264 390 2305 τε
420 2245 483 2306 τῶν
511 2239 599 2327 ῗερῶν
622 2246 679 2324 τῆς
702 2241 863 2324 ἐκκλησίας
888 2239 1095 2327 πραγμάτων,
1133 2239 1218 2319 ὅστις

115 2341 202 2430 λάβῃ
217 2342 254 2408 sd
267 2343 380 2425 μεΐζον,
406 2343 456 2408 καλ
469 2343 556 2428 δίκην
570 2339 709 2410 ὁλκάδων
724 2345 810 2410 δυοῖν
823 2343 854 2408 ἐν
870 2344 954 2435 μέσῳ
970 2350 1154 2430 πλημμελῶς
1165 2346 1246 2410 salli

80 2443 261 2522 toireixrcoc
279 2443 453 2530 άγομίνων,
475 2447 527 2511 καὶ
548 2445 723 2533 φερομένων
737 2443 839 2534 φοράν
859 2471 928 2512 τινα
946 2450 996 2513 καὶ
1012 2451 1128 2534 κίνησιν
1141 2447 1218 2514 ἀκυ-

115 2545 273 2638 βίρνητάν
288 2572 322 2613 τε
336 2549 385 2612 καλ
400 2545 511 2636 ἄλογον
524 2551 576 2615 καὶ
589 2547 754 2633 ἀνώμαλον
760 2598 771 2630 ,
794 2549 845 2615 καλ
859 2552 928 2616 οἵαν
939 2561 1021 2617 ποιεῖ
1028 2552 1064 2618 τδ
1079 2547 1218 2634 αὐτόμα-

115 2673 193 2720 τον·
222 2647 265 2728 ῶς
278 2649 356 2734 μετά
375 2657 430 2718 τοῦ
452 2651 496 2736 μὴ
518 2649 674 2718 δάνασθαι
697 2653 776 2737 μηδὲ
795 2649 967 2736 βούλεσθαι
987 2660 1117 2738 βοηθεῖν
1132 2679 1218 2742 περι-

117 2753 338 2838 στατουμίνοις
354 2751 515 2840 ἀλλήλοις·
542 2751 620 2820 ἀλλ’
637 2751 751 2839 ὁμοίως
772 2751 891 2831 ἑαυτοῖς
911 2757 1008 2821 τεκαὶ
1022 2752 1165 2848 δλλήλοις
1187 2756 1218 2834 ἐς

188 2901 217 2954 9.
234 2893 345 2954 uniuerso
363 2898 437 2953 Boiv.
455 2916 503 2972 pro
519 2897 646 2971 κάκείνῳ.
699 2904 740 2958 11.
757 2897 787 2958 ἐκ
803 2898 879 2956 Bois.
897 2917 945 2971 pro
962 2897 1001 2958 ἐκ.
1054 2903 1095 2960 lc
1113 2899 1143 2959 ds
1159 2905 1219 2956 ante

188 2971 307 3034 σκοπιᾶς
323 2966 384 3022 αδδ.
395 2969 470 3022 Boiv.

117 3089 206 3212 plebis
219 3086 363 3143 hominibus
374 3087 452 3142 facile
465 3091 521 3151 eat3
538 3105 571 3141 ex
583 3087 691 3142 tumultu
703 3103 881 3158 estepanum,
898 3103 931 3142 ne
944 3086 1148 3158 prudentissimis
1160 3087 1220 3157 qui-

136 3178 179 3214 em
197 3158 276 3210 selda
294 3165 445 3227 promptum.
486 3157 600 3211 Alterum
618 3157 715 3228 qnippe
733 3157 862 3210 liberrimo
882 3165 990 3210 naturae
1008 3157 1104 3228 impetu
1121 3157 1218 3210 femur:

117 3235 238 3284 naturam
256 3243 333 3296 porro
345 3225 516 3280 inordinatum
529 3227 650 3296 quiddam
663 3245 721 3280 esse
734 3235 835 3280 constet
847 3233 874 3280 et
887 3227 1033 3295 inaequale:
1051 3226 1157 3278 alterum
1172 3243 1220 3278 au-

117 3307 170 3352 tem
183 3302 256 3349 certo
269 3294 345 3348 enimi
357 3293 451 3348 iudicio
464 3302 491 3348 et
501 3289 658 3366 sapientibus
671 3295 784 3349 consiliis
795 3295 904 3364 regitur.
926 3295 1017 3365 Itaque
1030 3294 1092 3349 illud
1108 3295 1218 3364 quidem,

116 3375 147 3422 nt
166 3365 328 3418 occasionem
346 3363 484 3418 discordiis
503 3367 643 3435 praebeat,
667 3382 759 3418 causas
772 3363 969 3420 comminiscitur
985 3365 1134 3428 etiamen,
1153 3382 1219 3432 quae

116 3435 207 3490 nullas
224 3439 298 3486 suot:
321 3432 390 3486 istud
405 3449 467 3486 vero
484 3434 562 3488 etism
582 3451 643 3500 css,
659 3451 727 3506 quae
743 3435 865 3496 subsunt,
882 3433 998 3488 recidere
1011 3439 1131 3498 conatnr3
1148 3433 1220 3487 velut

116 3504 247 3566 medicus,
277 3501 305 3554 ui
317 3504 414 3567 morbo,
432 3508 568 3573 antequam
579 3513 687 3567 crescet,
704 3503 799 3574 inipso
812 3503 901 3556 radice
913 3503 1037 3556 medicam
1048 3503 1155 3556 adhibet
1165 3519 1220 3556 ma·

116 3591 189 3628 num.
224 3521 288 3640 (115
304 3571 370 3624 Mihi
387 3571 469 3640 igitur
482 3573 645 3641 tranquillam
660 3573 740 3626 vitam
760 3571 857 3642 eligere
875 3571 954 3625 satius
968 3571 1048 3626 visum
1063 3577 1118 3637 est,
1136 3579 1163 3625 et
1175 3571 1220 3626 illa

117 3641 264 3712 cogitanti,
282 3645 310 3693 et
323 3641 372 3694 hoc
384 3641 457 3693 simul
469 3640 582 3696 Zenonis
597 3641 664 3695 illius
680 3643 805 3712 sepientis
819 3641 1006 3705 reminiscenti3
1040 3641 1068 3694 ni
1084 3639 1178 3695 celebri
1192 3641 1220 3694 in

118 3710 252 3774 convivio,
269 3725 326 3761 cnm
339 3708 472 3762 ambitiose
488 3710 585 3764 caeteri
598 3711 744 3780 philosophi
757 3709 825 3780 apud
840 3710 939 3780 legatos
955 3659 1110 3780 Babylonios
1127 3709 1167 3762 dis
1186 3726 1220 3762 α-
1249 3706 1256 3718 “

117 3787 223 3842 tarent,
239 3777 334 3833 silebat
345 3777 403 3847 ipse
417 3779 500 3843 solus,
513 3787 541 3833 et
553 3779 649 3836 silentii
662 3797 763 3833 causam
778 3779 967 3834 sciscitantibus
978 3779 1082 3848 legetis,
1100 3785 1129 3832 ut
1140 3727 1220 3832 hebe-

118 3853 181 3902 rent
196 3845 294 3917 aliquid
309 3845 342 3900 de
356 3865 386 3900 eo
400 3847 475 3912 certi,
493 3849 561 3916 quod
573 3849 631 3916 regi
644 3848 842 3904 renunciarento
859 3847 980 3913 „libita”
994 3847 1087 3918 inquit,
1104 3863 1161 3912 „sc
1176 3865 1220 3900 rc-

118 3919 254 3979 nunciate,
271 3915 367 3970 vidisse
382 3933 430 3968 vos
444 3916 551 3970 Athenis
564 3933 622 3970 curn
634 3917 771 3983 hominem,
787 3916 831 3986 qui
845 3917 922 3972 silere
934 3917 961 3970 in
974 3916 1093 3971 convivio
1106 3913 1221 3987 posset?

118 3985 200 4056 (111.)
217 3983 288 4038 Idem
304 4001 353 4054 ego
372 4001 428 4038 cnm
442 3985 577 4050 iecissem,
599 3985 783 4058 prospiciebam
800 3993 845 4038 tan
862 4003 919 4040 uam
939 4005 954 4039 e
968 3985 1078 4057 apecula
1097 4003 1156 4048 eos,
1177 3981 1221 4053 qni

118 4055 245 4124 utrinque
267 4053 487 4120 effervescebant,
509 4063 561 4108 τινα
582 4055 694 4108 civilium
715 4073 789 4124 quam
811 4004 1042 4110 ecclesiasticorum
1063 4053 1222 4122 negotiorum

116 4125 226 4188 flnctus,
241 4122 366 4178 scerrime
377 4125 446 4178 inter
459 4141 488 4177 se
499 4131 636 4188 certantes,
653 4125 741 4193 ecquis
754 4125 871 4194 superior
883 4124 1020 4188 evaderet3
1036 4127 1114 4190 atque
1128 4119 1155 4174 in
1168 4137 1221 4172 me-

118 4191 167 4248 dio
180 4194 247 4246 duas
260 4191 339 4245 relnh'
352 4207 446 4258 nava,
463 4192 618 4262 collelegio,
637 4193 706 4246 nullo
722 4191 811 4246 ordin'e
825 4199 929 4257 curetes,
946 4193 992 4246 sed
1006 4193 1101 4274 impetu
1115 4189 1222 4258 quodem

117 4265 244 4329 motuque
256 4263 410 4326 δοιαοταείο,
426 4279 503 4316 caeco
520 4267 548 4316 et
560 4261 690 4336 inaequali
705 4263 844 4330 obreptus,
861 4262 961 4332 qualem
979 4260 1061 4312 efficit
1080 4275 1172 4322 cesus3
1194 4264 1223 4310 ut

119 4348 173 4386 nec
187 4337 308 4402 possent,
325 4346 373 4385 nec
384 4329 479 4386 vehant
493 4330 613 4404 opitulari
626 4330 677 4386 sibi
691 4330 798 4386 invicem
815 4329 1011 4395 circumventis3
1029 4327 1074 4384 sod
1085 4327 1184 4402 puriter
1196 4331 1224 4382 et
