2966 4826
516 300 870 374 ANNO'I'ATIONES.
1002 347 1004 354 ·
1139 297 1237 373 1221

100 461 145 524 rit
160 459 316 524 lastiniani
331 461 429 541 galea,
452 459 587 523 declarat
602 459 724 523 Taetzea
741 461 772 524 in
792 463 873 524 varia
893 459 1029 526 hietat-ie
1063 461 1139 526 Vide
1161 465 1239 546 Gyl-

100 549 179 608 lium
202 545 239 606 de
258 549 385 626 Topogr.
405 547 628 626 Cunctantinop.
651 545 703 609 lib.
720 548 756 612 ll.
778 568 843 628 cap.
858 549 951 614 XVll.
983 545 1058 610 Vide
1080 561 1111 612 et
1135 551 1236 630 Augu-

98 632 213 694 ateouia
236 631 398 714 Ecphraain
420 631 691 712 Pachymerianatn.
732 653 844 694 aorvrx.
1207 639 1214 652 '

188 721 259 798 rag.
280 721 357 792 276,
380 722 430 782 20.
474 717 537 780 Καὶ
552 712 585 778 ed
597 712 651 796 μὲν
665 721 721 780 τοῦ
740 719 841 792 κίονος
857 716 969 799 μῆκος]
989 713 1235 780 Boudelmontiua

97 803 342 884 ceptingentorum
359 803 522 863 cubitorum
538 803 627 861 altam
644 803 730 862 lacit:
753 803 785 862 id
804 805 883 882 quod
904 803 1077 864 incredibile
1093 814 1146 866 aet.
1174 801 1247 865 Les

99 887 231 966 gendum
248 887 484 969 proculdubio,
504 888 689 969 septuaginta
708 885 880 952 cubitorum.
927 891 1075 968 Gregorae
1094 910 1158 950 eam
1179 911 1234 952 noe

96 993 138 1032 ex
148 972 256 1032 umbra
274 971 372 1032 metiri
385 970 481 1048 iubet,
504 972 673 1052 quasivero
689 973 720 1032 id
734 993 789 1032 noa
805 973 902 1033 lucere
919 975 1069 1054 poscimur
1082 971 1142 1036 boo
1156 985 1235 1036 tem-

93 1053 190 1138 pora,
219 1077 288 1116 curu
307 1076 363 1116 nec
384 1057 539 1136 vestigium
559 1055 680 1138 quidem
705 1058 768 1118 eiua
792 1059 946 1120 columnae
970 1061 1061 1120 ullum
1083 1071 1230 1139 cuperent.

94 1141 214 1214 Quodsi
229 1141 388 1212 etiamnum
403 1151 496 1202 staret
516 1141 647 1218 integra,
667 1163 724 1202 nec
745 1143 788 1203 eic
810 1143 931 1222 quidem
954 1166 1017 1204 eam
1037 1145 1138 1206 metiri
1158 1145 1233 1206 hinc

91 1245 268 1307 parcemus,
291 1236 326 1286 ut
338 1225 462 1287 Wolliue
479 1236 560 1287 recte
574 1227 605 1288 iu
623 1227 754 1307 margine
769 1237 907 1298 auriotat..
942 1249 1056 1292 norrun.

181 1331 254 1409 Peg.
276 1333 349 1406 277,
368 1327 400 1394 4.
446 1325 486 1394 Td
501 1327 535 1393 di
548 1334 644 1410 μῆκος
657 1323 784 1394 ἑκάστου
799 1325 965 1412 dorcadion]
987 1330 1082 1410 Queri
1094 1353 1167 1394 vero
1181 1333 1232 1394 di·

93 1411 370 1492 gitorumomnium
385 1413 487 1476 eadem
501 1424 578 1476 eeeot
593 1415 759 1494 longitudo.
800 1436 915 1478 rouvre.
1150 1445 1156 1458 ·

151 1601 157 1616 ¹
183 1519 256 1614 Peg.¹
277 1521 356 1622 277,
379 1519 428 1620 12..
475 1513 518 1624 To:
537 1513 571 1580 di
591 1521 646 1597 τῆς
667 1511 785 1616 nudans
804 1521 861 1580 rod
881 1511 976 1616 modic
997 1510 1094 1580 advari
1112 1509 1228 1660 ιιᾷἔος]

94 1600 180 1676 Quid
195 1611 234 1660 art
253 1623 354 1681 κνημη
371 1623 425 1663 τοο
440 1603 535 1676 modae
552 1621 613 1660 non
636 1611 706 1661 rutra
726 1603 836 1682 liquet,
857 1621 915 1661 urar
932 1611 969 1661 ut
984 1621 1018 1662 ea
1038 1622 1107 1682 para
1127 1611 1150 1661 tr
1173 1623 1227 1676 rae,

90 1706 171 1766 quae
185 1687 221 1744 ad
240 1686 346 1766 pedem
366 1686 503 1766 proxime
524 1686 652 1756 accedit,
675 1697 704 1746 et
724 1697 770 1748 eat
788 1687 917 1747 maxime
936 1687 1066 1765 gracilia.
1110 1686 1229 1748 Dicitur
1344 1691 1347 1699 ‘

90 1781 124 1832 et
137 1771 175 1832 de
188 1770 318 1832 bomine.
361 1771 412 1830 Sic
431 1771 511 1852 apud
530 1772 662 1831 Nicetam
683 1771 714 1830 in
736 1772 916 1848 fragmento,
939 1773 1022 1850 quod
1035 1771 1082 1831 vir
1102 1771 1226 1834 doctina.

87 1855 135 1916 Io.
156 1856 300 1916 Erneetua
319 1856 446 1917 Grabiua
466 1876 582 1917 mecum
597 1855 808 1916 humanissime
823 1855 1070 1932 communicavit,
1100 1856 1228 1917 rimula·

91 1961 179 2002 crum
198 1940 353 2018 Herculia,
375 1939 582 2022 aLyaimacbo
597 1939 707 2016 efficti,
730 1943 844 2002 dicitur
864 1943 955 2002 suinae
979 1935 1058 2004 οὕτω
1079 1939 1226 2023 μέγιστον,

89 2025 136 2100 οἱς
150 2021 207 2106 τήν
220 2031 417 2108 περιελοῦοαν
435 2021 489 2090 adr
509 2020 604 2089 adrani
616 2021 767 2109 οἷνιίχειροι
787 2021 942 2109 μήρινθον
962 2025 1005 2100 εἰς
1017 2019 1158 2108 ἆνὸρεῖον
1173 2029 1226 2100 ζεο-

90 2115 190 2192 arrian
217 2110 421 2190 ἐπιτείνεσθαι,
460 2110 512 2175 nal
539 2107 597 2194 τὴν
622 2107 742 2194 rodiano
763 2115 821 2176 rori
841 2107 938 2187 aalide
962 2110 1006 2186 ele
1026 2104 1225 2195 ἅνδρόμηιιες.

82 2214 203 2258 ιεοινεεε.
1087 2215 1094 2234 ·

176 2283 246 2362 Peg·
268 2284 345 2355 277,
368 2280 418 2346 15.
464 2285 532 2344 Teia
548 2276 670 2344 ἄνωθεν
692 2279 726 2344 dn
739 2284 875 2364 Σρρινῆς
893 2278 1113 2362 κομιζομένων]
1136 2279 1225 2346 wat,

82 2365 217 2427 diuenon
237 2365 382 2445 expremit
396 2366 570 2427 adverbium
591 2363 724 2430 ἄνωθεν.
753 2366 815 2444 Ego
834 2367 871 2427 ad
896 2367 1087 2446 praeteritum
1104 2375 1224 2445 tempue

82 2452 263 2528 retuleram,
286 2460 376 2529 atque
389 2452 432 2510 ita
445 2461 603 2525 verteram,
626 2451 678 2533 qui
696 2447 826 2510 eSerum
842 2454 957 2530 regione
971 2448 1043 2510 olim
1058 2449 1223 2534 affereban-

83 2553 144 2598 tur.
187 2537 274 2595 Nunc
288 2534 348 2594 loci
364 2535 536 2595 adverbium
551 2553 615 2594 eece
631 2533 785 2607 existimo,
809 2543 838 2594 et
858 2535 902 2594 aio
922 2535 1123 2613 interpretor,
1144 2536 1197 2615 qui
1207 2557 1224 2594 e

84 2619 191 2682 Serum
208 2621 322 2700 regione
335 2615 445 2680 devecti
459 2615 516 2680 tuo
535 2615 720 2678 dercendunt.
766 2618 852 2692 Quae
872 2617 1044 2679 oboriente
1060 2617 1223 2678 affereban-

85 2717 157 2780 tur,
179 2724 213 2764 ea
226 2703 364 2782 Byzantii
383 2701 506 2767 drudro
521 2703 620 2764 afferri
637 2699 789 2771 dicebant3
813 2721 890 2782 quae
910 2704 947 2762 ab
962 2703 1145 2778 Occidente,
1167 2696 1222 2764 noi-

81 2795 194 2853 τωθεν.
236 2789 285 2847 Sic
299 2788 377 2848 idem
394 2789 540 2868 Gregorae
562 2791 594 2848 in
613 2787 809 2868 inscriptione
830 2789 974 2870 epistolae
988 2787 1027 2850 ad
1040 2787 1222 2867 Pepagoma·

79 2895 169 2950 num,
190 2872 341 2956 περὶτῶν
361 2873 519 2937 didovaoir
540 2868 621 2958 ανίρῑ
641 2877 864 2954 τεροτολογιοῖν,
885 2877 945 2936 τῶν
967 2871 1022 2952 μὲν
1042 2869 1166 2934 ἄνωθεν
1186 2871 1222 2936 ἐκ

85 2961 323 3042 Τραπεζοῦντος,
344 2963 406 3021 τῶν
426 2957 459 3022 di
479 2956 618 3022 κάτωθεν
638 2958 669 3036 ἐξ
688 2953 821 3032 Ἰταλίας.
851 2957 928 3020 Vide
947 2977 1016 3040 pag.
1032 2961 1106 3024 276.
1128 2977 1221 3039 cupre

74 3047 109 3108 in
124 3065 219 3121 marg.
260 3063 373 3104 nomn.

165 3125 288 3190 ibidem.
324 3129 392 3188 Non
405 3127 600 3189 omittendum
612 3123 673 3187 hoc
686 3124 756 3186 loco
769 3125 802 3188 id
814 3125 898 3207 quod
911 3136 1015 3188 narrat
1028 3128 1133 3188 Patrue
1145 3125 1219 3205 Gyl-

79 3216 158 3290 lius,
180 3213 371 3294 Topograph.
390 3213 651 3293 Constantinopol.
670 3211 723 3274 lib.
743 3211 779 3271 lI.
803 3232 867 3292 cap.
882 3213 979 3273 XVII.
1005 3209 1152 3286 Barbari,
1171 3211 1219 3269 in-

82 3301 165 3381 quit,
196 3301 278 3360 omni
298 3321 380 3360 aereo
399 3300 520 3374 vertitu,
542 3313 569 3356 et
586 3317 675 3380 equa,
700 3310 727 3356 et
747 3311 847 3357 arctoa
867 3295 1036 3358 columnam
1058 3295 1219 3356 Iustiniani

78 3381 262 3468 epoliarunt,
285 3381 455 3467 aliquotque
467 3405 561 3444 annae
571 3381 657 3452 ,nuda
671 3383 819 3442 remansit.
870 3378 1000 3442 Tandem
1013 3395 1081 3442 ante
1094 3380 1217 3462 triginta

81 3491 177 3530 annae
189 3487 286 3529 euersa
301 3483 343 3527 eet
362 3483 425 3529 tota
442 3490 532 3550 oeque
553 3465 595 3526 ad
614 3463 803 3544 stylobatam,
827 3487 912 3548 quem
932 3487 1011 3526 anno
1026 3467 1172 3548 euperiore
1183 3462 1216 3542 *l

75 3553 218 3640 fianditue
231 3551 295 3614 vidi
308 3549 453 3613 exscindi
482 3551 563 3614 Idem
579 3552 670 3632 paulo
682 3551 775 3626 inira,
797 3549 965 3634 Eqaeatrem
979 3548 1139 3611 lattiniani
1153 3563 1216 3609 eta-

79 3653 177 3714 tuam,
205 3661 293 3721 quarn
310 3635 400 3698 modo
424 3635 496 3698 dixi
512 3659 603 3719 cupra
629 3635 706 3697 banc
729 3631 897 3696 columnam
913 3633 1009 3716 fuisse
1026 3632 1215 3710 collocatam,

79 3739 224 3781 seruatam
241 3721 293 3782 diu
309 3723 340 3782 in
355 3719 485 3784 claustro
504 3725 577 3802 regii
593 3719 726 3796 Palatii,
751 3719 902 3800 deportari
918 3741 1009 3800 nuper
1028 3717 1092 3778 aidi
1110 3721 1141 3778 in
1163 3741 1215 3779 aa.

77 3805 321 3950 {tltttt‘dt}
335 3801 1031 3952 'ltdldttllt'tttmmtlltltbuilli:
1046 3805 1215 3946 iiiiii?

80 3969 226 4032 dodrante
239 3971 363 4055 longior.
410 3915 504 4034 (bura
520 3977 588 4059 equi
601 3971 643 4033 ad
658 3989 764 4034 terram
785 3911 1106 4054 proiectabnetiri'non
1119 3970 1213 4050 potui.

79 4053 170 4116 Pedia
186 4055 326 4138 ungulam
342 4081 456 4119 mentua
475 4083 538 4119 aum
558 4057 685 4134 occulte,
706 4073 733 4117 et
754 4055 928 4138 deprehendi
948 4051 1135 4116 dodrantalie
1154 4074 1214 4112 eree

77 4136 254 4201 altitudinis.
297 4141 415 4222 Gylliue
433 4163 470 4204 ex
483 4163 538 4204 aua
553 4143 649 4224 ipaiue
661 4153 776 4202 statura
792 4141 1008 4202 aestimandum
1020 4137 1108 4200 nobie
1122 4137 1212 4198 reliu-

50 4263 57 4278 '
146 4289 177 4360 r)
192 4290 267 4348 nac
282 4290 383 4365 ampo
399 4298 459 4350 aar
474 4291 580 4348 aare
596 4293 708 4349 mou.
725 4293 802 4350 1⁵50.
836 4305 939 4346 nnn.
