3034 4828
245 351 344 422 1102
501 329 502 333 ‘
548 353 782 426 mensuum
796 351 1046 424 1ιειεοσοιιεο

84 525 367 590 immutaretur
389 527 452 589 τῶν
467 525 628 606 ’μεθεκτῶν
652 518 690 586 τό
714 517 903 605 talamos,
938 515 1012 586 ὅσον
1034 523 1135 584 ταῦτα
1162 521 1225 585 τῶν
1251 543 1344 601 μετε-
1413 583 1422 589 .

137 593 206 651 ”d'4
241 625 370 710 χόντων.
405 623 543 712 πρόσθεν
566 623 598 689 d’
619 623 733 688 ἐδείκνυ
754 629 816 688 πῶν
836 622 1021 688 τούναντίον.
1055 620 1093 686 τό
1115 621 1174 707 γάρ
1187 619 1222 685 ’ἓν
1242 620 1343 706 ἔλεγεν

182 759 189 767 ·
218 725 324 803 Deloue
344 725 467 794 πάντων
488 725 586 812 ῶρχὴν
611 728 661 792 καὶ
683 722 783 811 πάντη
805 722 1004 808 μετεχόμενσν
1021 720 1082 790 sind
1107 731 1164 789 sori
1185 722 1341 808 πλήθονς,

246 831 404 899 τουτέστιν
420 827 481 897 int
495 828 629 896 πάντων.
660 835 726 906 πῶς
748 829 806 915 γάρ
822 827 860 894 ῶν
874 825 951 914 ὑπὲρ
969 827 1009 894 τά
1029 823 1130 892 πάντα
1145 821 1182 910 ἦν
1197 829 1248 892 καλ
1262 825 1343 892 πάν-

247 959 310 1002 των
332 933 429 1000 αἴτιον
448 939 510 1000 τῶν
531 931 644 1013 όντων,
671 933 753 1019 εἴπερ
769 931 805 998 τό
820 931 938 1020 άσχότῳ
953 957 985 997 τε
1007 932 1058 994 καλ
1078 929 1239 1018 άμεθόκτῳ
1261 931 1365 1016 aprici

247 1037 341 1104 ταῦτ’
358 1034 432 1103 εἶναι
448 1041 568 1123 προσῆν
590 1035 693 1124 αότῷς
726 1041 782 1102 τοῦ
795 1035 855 1121 γὰρ
870 1033 910 1099 τὰ
925 1031 1026 1099 πάντα
1042 1037 1232 1116 πληροῦντας
1246 1037 1298 1098 καὶ
1309 1037 1344 1099 ἐν

247 1147 341 1206 πᾶσιν
357 1139 454 1220 όντος,
476 1146 543 1214 πῶς
558 1137 595 1204 οὗ
610 1138 733 1221 μεθέξει
748 1135 868 1221 πάντας
894 1136 966 1202 ἀλλ’
985 1135 1061 1202 ἴοικε
1074 1133 1188 1202 δεδιότι
1194 1185 1205 1218 ,
1230 1135 1275 1220 μὴ
1292 1139 1345 1201 καλ

246 1245 283 1310 τὸ
306 1249 393 1309 θεῖον
414 1239 474 1308 sind
493 1247 557 1308 τῶν
579 1239 778 1326 πασχόντων,
804 1236 947 1326 καθάπερ
963 1238 1002 1306 τά
1022 1236 1172 1322 σῶματα,
1194 1245 1341 1326 μερισθῇ.

248 1345 320 1412 adol
333 1345 392 1433 γάρ
403 1345 487 1432 ἔφθη
499 1344 635 1429 notula,
662 1341 706 1421 ῶς
720 1341 737 1410 ό
751 1341 826 1420 θεός
839 1339 956 1419 ἁπλοῦς
969 1340 1013 1408 ῶν
1025 1349 1166 1426 πανταχῆ
1181 1344 1263 1407 ἐστιν
1277 1338 1345 1408 dir-

217 1455 323 1530 Εκῶς,
341 1451 391 1514 καλ
405 1447 564 1532 οὐδαμοῦ·
589 1449 640 1514 scol
653 1447 808 1530 μετόχεται
822 1447 879 1530 μὲν
894 1441 956 1533 rip-²
975 1441 1141 1525 ἁπάντων,
1165 1444 1389 1528 άμεθόκτωςλῦ

249 1551 286 1617 dl
294 1572 301 1588 ·
328 1553 378 1616 uni
392 1553 541 1638 μερίζεται
552 1552 609 1633 μὲν
615 1599 626 1630 ,
649 1549 820 1636 ἀμερίστως
834 1549 870 1614 δέ
876 1568 885 1586 ·
911 1547 990 1614 κατὰ
1004 1547 1062 1632 τὴν
1076 1545 1178 1614 εἰκόνα
1196 1555 1252 1632 τῆς
1266 1545 1345 1632 ἦμε-

248 1654 339 1740 τέρας
363 1661 483 1739 ψυχῆς,
512 1650 612 1737 ἆπλῆς
633 1649 698 1719 οἷον
721 1652 828 1730 σῶσιάς
841 1651 893 1717 καλ
905 1651 1011 1736 αῶτῆς.
1045 1653 1096 1716 καὶ
1116 1651 1174 1737 γὰρ
1196 1653 1247 1716 καὶ
1264 1647 1343 1736 αότη

248 1763 406 1841 πανταχσῦ
434 1763 490 1822 τοῦ
515 1753 662 1838 σῶματος
685 1753 742 1841 tm]
766 1751 874 1832 όλικῶς
898 1750 1082 1840 όπόρχαιισα
1106 1754 1262 1837 ριετὲχεται
1287 1756 1346 1836 μὲν

248 1859 308 1946 ὑφ’
328 1857 458 1928 ἑκάστου
474 1867 536 1926 τῶν
549 1865 606 1926 ταῶ
623 1856 768 1944 σώματος
778 1864 898 1946 μερῶν,
925 1856 1103 1940 άμεθέκτως
1122 1858 1166 1926 δι’.
1201 1857 1273 1923 οόόέ
1284 1857 1346 1943 γάρ

250 1961 339 2028 cridla
353 1965 417 2052 torp
430 1961 549 2028 τούτων
561 1961 684 2046 οὐδαμῆ
697 1964 835 2046 γίνεσθαι
855 1961 969 2056 πέφυκε
980 1955 1069 2045 ψυχή
1077 1980 1086 1996 ·
1119 1960 1199 2045 πλὴν
1214 1961 1344 2026 ἕκαστον
1355 1969 1388 2026 1⁵

222 2069 315 2130 urus
330 2071 386 2129 τοῦ
400 2060 543 2146 σώματος
555 2069 673 2151 μερῶν,
702 2060 745 2140 ῶς
758 2063 817 2146 ’ἔχει
836 2061 960 2150 φάσεως
975 2060 1042 2145 ἅμα
1055 2063 1106 2128 καλ
1121 2063 1254 2146 θέσεως,
1281 2059 1345 2128 sind

248 2193 282 2252 ys
295 2171 352 2250 τῆς
364 2162 505 2250 κινοόσης
522 2163 601 2250 όμσό
614 2167 666 2232 καὶ
680 2161 817 2250 ζωοόσης
835 2165 996 2252 λνεργεῒται
1011 2172 1131 2251 ψυχῆς·
1158 2163 1237 2232 ῶστε
1251 2169 1303 2232 καὶ
1319 2169 1347 2232 al

249 2261 289 2352 ἦν
310 2269 342 2333 ἓν
355 2265 499 2358 τραχήλῳ
518 2267 540 2353 ἢ
561 2269 594 2334 ἓν
609 2271 688 2355 χειρλ
712 2269 886 2354 κατασκευὴ
906 2265 1080 2352 στόματος,
1108 2264 1203 2346 λάλος
1222 2268 1262 2335 ἂν
1284 2265 1347 2358 (ol-

249 2368 320 2456 μαι)
346 2363 451 2454 ἦνκαὶ
465 2367 485 2456 ἦ
498 2373 566 2458 χεὶρ
585 2369 671 2438 καλό
693 2368 855 2458 τράχηλος.
889 2373 915 2437 ελ
929 2365 984 2438 σόν
999 2369 1081 2438 οότω
1101 2377 1212 2453 reniso,
1239 2377 1347 2461 πολλῶ

138 2481 171 2536 1³.
187 2480 239 2538 692
255 2471 294 2538 ῶν
304 2479 422 2556 μᾶλλον
433 2470 493 2540 sind
504 2469 796 2560 πόντωνμετόχοιτο
820 2473 912 2554 θεός,
939 2471 956 2540 ὅ
980 2480 1139 2560 πανταχοῦ
1162 2475 1270 2562 παρῶν
1293 2477 1389 2545 suilli

249 2576 290 2642 τῶ
304 2573 405 2642 πάντα
418 2583 552 2664 πληρῶν.
581 2580 630 2642 καὶ
646 2580 678 2644 ἓν
691 2573 811 2667 ἑκάστῳ
827 2577 885 2665 γάρ
895 2585 958 2643 τῶν
971 2575 1094 2643 πάντων
1107 2574 1261 2663 γενόμενος
1273 2575 1347 2655 ὅλος

250 2679 331 2746 ἔστί·
349 2683 399 2746 καὶ
414 2679 485 2757 όλος
497 2680 579 2764 με’νει
591 2679 673 2747 καθ’
689 2678 799 2748 ἑαυτὸν
817 2681 868 2746 καλ
891 2679 923 2745 ἓν
940 2687 1016 2746 πᾶσι
1039 2683 1091 2746 καλ
1112 2679 1172 2768 πρό
1188 2687 1251 2748 τῶν
1263 2678 1347 2748 πάν·

229 2805 232 2816 “
319 2809 345 2864 6.
361 2809 401 2882 spi
412 2807 590 2881 contempl
640 2811 667 2866 8.
684 2809 736 2864 Pro
750 2805 913 2880 πασχόντων
928 2807 1012 2881 (lapp.
1026 2811 1095 2866 coni.
1112 2809 1310 2882 pesundarent.

250 2916 331 2984 pontt
349 2917 377 2964 et
392 2913 520 2967 existimat
539 2931 602 2983 sus,
619 2913 688 2983 quod
697 2913 853 2986 participari
866 2913 971 2982 nequit,
987 2913 1021 2966 iis
1035 2931 1103 2983 qnae
1122 2913 1272 2984 participari
1287 2931 1349 2986 pos-

252 2987 314 3034 sunt
323 2987 422 3034 tantum
439 2989 587 3051 praestare,
604 2989 725 3052 quantum
738 2983 802 3035 baec
816 2981 917 3034 antibus
927 2981 1116 3064 participativis
1130 2992 1268 3052 praestant.
1293 2985 1347 3037 λιι-

252 3057 298 3103 tca
313 3067 375 3102 reru
392 3050 545 3104 contrarium
557 3067 663 3122 prorsus
674 3051 868 3108 demonstrarat.
902 3051 1014 3104 Dicebat
1029 3051 1094 3104 cnim
1108 3069 1183 3106 uuum
1196 3071 1255 3105 csse
1268 3053 1349 3106 omui·

252 3135 294 3172 um
308 3119 474 3188 principium,
491 3129 519 3172 ct
536 3137 553 3174 s
572 3119 749 3185 multitudine,
767 3121 794 3172 id
814 3127 854 3172 cst
869 3120 902 3172 ab
920 3121 1051 3184 omnibus,
1069 3122 1144 3190 plens
1158 3121 1348 3191 participatum.

254 3188 388 3250 Quomodo
403 3189 469 3242 onim
482 3205 560 3259 super
572 3189 655 3244 omnis
667 3196 738 3242 esset
751 3196 778 3242 st
789 3188 897 3242 omnium
915 3188 1009 3242 antium
1024 3205 1117 3253 musa,
1135 3189 1158 3243 si
1178 3190 1271 3242 nullam
1291 3207 1347 3244 cum

253 3255 294 3309 bis
309 3257 482 3310 habitudinem
495 3266 540 3312 aut
558 3259 707 3312 relationem
723 3257 878 3322 includeret,
895 3273 944 3310 noc
965 3259 999 3311 ab
1015 3257 1048 3310 iis
1066 3268 1156 3328 posset
1173 3260 1348 3328 parociparit

253 3323 322 3378 Nam
338 3325 381 3394 qui
396 3325 454 3379 ficri
469 3326 565 3396 possit,
582 3333 611 3380 ut
629 3327 691 3380 illud
707 3326 789 3380 omnia
805 3343 855 3380 non
875 3327 1045 3448 participent,
1063 3327 1132 3398 quud
1149 3327 1232 3381 omisis
1253 3329 1346 3398 replet,

254 3400 282 3444 ct
295 3394 322 3445 in
336 3394 452 3447 omnibus
472 3393 595 3448 exsistit'l
618 3395 663 3448 ssd
682 3411 787 3464 prorsus
805 3395 921 3448 timuisse
940 3395 966 3448 vi
984 3403 1057 3458 etur,
1075 3413 1108 3450 ns
1126 3411 1259 3466 corpomm
1278 3413 1349 3451 mors

254 3459 325 3513 Deus
344 3479 360 3512 a
370 3462 585 3544 participantibus
599 3481 629 3516 sa
643 3463 809 3518 divideretur.
849 3463 969 3519 Nondum
987 3465 1084 3548 quippe
1098 3464 1240 3529 didicerat,
1257 3465 1348 3531 Deum,

255 3533 346 3610 utpote
356 3531 511 3614 supplicem,
527 3531 823 3602 aestimarentur,
841 3541 868 3585 ct
882 3551 1017 3602 nusquams
1035 3545 1096 3587 rtem
1110 3535 1142 3586 ab
1159 3535 1273 3588 omnibus
1287 3549 1350 3606 per·

254 3595 451 3720 titilius
466 3601 1230 3740 “latit'Sililittitltttt‘mtttttl:
1245 3603 1295 3741 'll
1306 3603 1351 3656 ‘¹¹‘

256 3751 323 3803 quae
339 3734 445 3804 simplex
458 3736 515 3806 ipss
528 3737 564 3790 sit
576 3739 729 3792 substantia.
764 3739 837 3792 Haec
856 3741 921 3792 euim
938 3754 994 3794 cum
1013 3747 1070 3792 tota
1090 3740 1125 3792 sit
1145 3747 1173 3794 ct
1187 3689 1351 3794 mailletii:

256 3803 364 3872 singulis
383 3821 428 3858 cor
447 3807 499 3860 nris
514 3806 647 3876 partibus,
664 3807 697 3860 ab
712 3807 745 3860 iis
759 3807 948 3877 participatum
964 3808 1010 3862 ssd
1028 3807 1085 3862 sina
1102 3807 1142 3862 sui
1163 3808 1245 3879 ipsius
1265 3809 1349 3880 parti-

256 3872 392 3943 cipatione.
425 3823 494 3929 itan
506 3875 589 3930 anima
600 3893 647 3946 per
661 3893 690 3929 sa
705 3881 731 3929 st
744 3892 776 3928 cx
786 3883 877 3929 natura
892 3893 939 3930 sua
956 3877 1060 3948 propria
1072 3877 1142 3932 nulla
1158 3887 1201 3932 cst
1218 3897 1233 3931 s
1254 3895 1349 3949 corpo-

255 3941 294 3997 ris
311 3943 444 4012 partibnsr
460 3949 572 3998 attamen
588 3961 759 4015 comumque
772 3945 887 4014 eorporis
902 3963 978 4015 pars,
995 3948 1134 4000 secundum
1150 3947 1279 4017 propriam
1301 3965 1350 4001 ns·

256 4019 339 4066 turam
354 4017 381 4064 et
394 4013 541 4084 positionem
552 4029 638 4078 suam,
656 4015 688 4066 ab
701 4013 784 4067 anima
794 4013 942 4070 vivificante
957 4023 985 4068 ct
996 4023 1114 4069 movente
1128 4031 1198 4069 suum
1219 4015 1245 4069 in
1264 4025 1350 4071 sctum

257 4081 390 4146 educitur;
407 4083 472 4136 adeo
484 4087 529 4145 ut,
545 4081 607 4135 aiiu
620 4082 686 4138 collo
701 4083 743 4136 rel
761 4081 787 4135 iu
802 4099 876 4136 manu
890 4093 960 4137 essct
974 4085 1119 4138 mecbauica
1135 4085 1188 4138 oris
1205 4093 1348 4149 structura,

256 4148 351 4218 loquax
364 4157 447 4218 asset,
461 4149 600 4222 etapium,
618 4158 646 4206 st
656 4167 743 4205 manua
756 4157 784 4204 et
797 4151 895 4204 collum.
929 4153 1005 4205 Side
1019 4155 1101 4207 anima
1115 4153 1152 4206 lta
1165 4171 1194 4208 aa
1206 4171 1248 4208 res
1261 4155 1349 4217 babet,

257 4217 334 4288 louge
346 4222 439 4288 potiori
453 4219 552 4275 ratione
565 4221 598 4274 ab
613 4221 728 4274 omuibus
743 4219 937 4304 participabitur
947 4221 1034 4286 Deus,
1052 4223 1096 4292 qui
1113 4223 1208 4294 ubique
1224 4237 1349 4292 praesens

257 4288 342 4340 omnia
358 4290 448 4359 replet.
481 4289 549 4343 Nam
564 4289 591 4342 in
609 4305 762 4360 unoquoque
781 4305 887 4342 nmmum
907 4290 1000 4344 entium
1020 4297 1090 4343 totus
1110 4291 1228 4344 exsistitr
1246 4299 1275 4343 st
1291 4307 1348 4343 cous

257 4361 327 4418 totus
338 4371 427 4426 persa
440 4357 510 4412 solua
523 4375 553 4414 ac
562 4375 675 4415 scorsum
689 4365 797 4424 mtucat,
815 4364 856 4412 est
870 4364 954 4413 tamea
966 4359 993 4413 is
1006 4359 1122 4415 cruribus
1135 4369 1163 4414 et
1176 4369 1236 4415 autc
1249 4359 1348 4414 omnis:
