3034 4828
296 339 396 416 1178
667 345 1025 420 snuoreutortus.

380 511 452 592 Peg.
475 510 545 587 188,
566 512 618 576 21·
657 501 735 572 'lissi
756 503 814 593 γὰρ
827 503 880 572 sel
896 505 929 570 01
943 502 977 571 iss
991 497 1166 587 11110111]
1186 503 1421 588 Pachynum

295 595 332 660 V.
345 614 411 678 cap.
425 593 524 656 XXX.
565 613 697 656 110110.

382 701 453 782 Pag-
476 699 549 777 184,
570 701 624 764 21.
671 700 734 760 Τοῦ
743 691 854 774 Ἱεροῦ]
875 691 1076 752 Nomenrcis
1092 691 1423 752 11111110111111111-

295 786 358 846 tioo
377 783 498 858 littore,
520 793 604 842 trans
625 781 808 862 Bosporum,
831 797 890 836 non
913 779 1021 858 procul
1041 777 1078 837 ab
1102 777 1178 836 ostio
1203 777 1290 837 Ponti
1309 777 1423 855 Euxini,

295 870 393 950 inquit
415 867 615 928 Leunclevius
629 867 662 927 in
681 863 874 926 Onomastico
890 863 989 942 priore
1005 862 1151 922 Turcieo:
1175 863 1288 941 dequo
1308 864 1422 943 quidem

293 954 386 1016 Hiero
407 954 509 1013 multis
520 953 630 1032 egimus
639 957 671 1011 in
688 952 765 1012 notis
780 949 818 1008 ad
831 948 1003 1009 Alexisdem
1018 967 1085 1030 pag.
1099 951 1172 1014 361.
1191 967 1322 1008 necans.
1351 949 1424 1010 Vide

293 1041 346 1101 lib.
362 1038 473 1100 XVIII.
490 1059 555 1119 cap.
568 1038 606 1101 11.
621 1047 692 1098 sect.
709 1043 739 1102 1.
769 1053 888 1096 101111.

381 1144 452 1223 Pug·
476 1145 548 1216 137,
568 1145 599 1204 4.
633 1143 682 1223 Τῷ
695 1133 832 1201 >ionicis
848 1131 1002 1222 Ἀζατίνῃ]
1025 1133 1100 1196 Vide
1116 1133 1221 1194 seriem
1234 1133 1424 1195 Sultannnun

292 1225 492 1289 Iconiensium
507 1233 578 1307 post
592 1224 731 1284 Familias
744 1223 931 1283 Dalmaticae.
973 1241 1101 1282 110110.

381 1331 452 1410 Peg.
476 1333 545 1404 137,
570 1331 618 1394 13.
662 1319 719 1401 Ele
739 1323 772 1388 δέ
787 1349 833 1399 τις
846 1317 1003 1405 Ἀμούριος
1021 1319 1137 1404 ὄνομα]
1161 1321 1257 1397 Quem
1278 1346 1294 1382 1
1313 1323 1425 1386 bleleoo

293 1414 416 1474 Sullano
430 1413 644 1474 Iconiensiuna
659 1433 727 1472 cum
742 1409 811 1470 liliis
828 1409 934 1488 insigni
958 1408 1083 1488 perfidie
1111 1417 1215 1488 postea
1237 1411 1426 1471 intersectum

291 1499 383 1560 luisse
404 1508 507 1560 narrat
528 1487 724 1577 Pachy'meres
736 1496 786 1555 lib.
799 1493 840 1554 X.
860 1515 925 1574 cap.
940 1493 1037 1556 XXV.
1061 1514 1098 1553 ex
1118 1494 1227 1572 quibus
1246 1515 1324 1555 unus
1344 1495 1426 1556 Halia

290 1585 429 1662 nomine,
461 1583 562 1644 divina
584 1583 712 1664 quadem
734 1579 922 1662 providentis
941 1588 1094 1654 servatus,
1123 1580 1248 1640 collecta
1267 1579 1428 1642 Persarum

291 1689 396 1748 manu,
419 1669 564 1731 Melecum
589 1669 704 1749 praelio
735 1667 858 1728 adortus
881 1663 962 1724 hunc
988 1662 1154 1737 interfecit,
1183 1665 1312 1744 indeque
1339 1677 1427 1726 aucta

289 1753 378 1832 Hali,
401 1757 531 1836 quitum
551 1753 786 1814 Amuriinomen
809 1771 864 1810 suo
885 1749 1010 1826 adiecit,
1030 1747 1182 1830 potentia,
1207 1752 1357 1811 Romanas
1375 1772 1429 1812 re·

290 1841 393 1920 giones
403 1839 626 1902 incursionibus
644 1839 804 1898 infestavit.
845 1835 885 1895 Ut
900 1855 995 1916 porro
1008 1835 1033 1894 is
1047 1834 1186 1914 perierit,
1210 1836 1337 1916 exponit
1351 1837 1430 1898 Gre-

288 1927 422 2002 goresin
437 1927 530 1986 alters
544 1924 685 1984 Historia.
721 1923 780 1983 Iste
795 1929 893 1982 autem
907 1920 1010 1998 Amur,
1031 1912 1245 2002 Ἀμοῦρπεκις,
1266 1922 1360 1982 unico
1373 1943 1428 1982 ro-

289 2008 417 2088 cabulo,
440 2011 550 2070 dieitur
569 2010 773 2068 Cantacuaeno
786 2006 838 2067 lib.
852 2006 891 2066 Il.
917 2025 983 2086 cap.
1002 2003 1141 2064 XXVIII.
1169 2005 1203 2066 ld
1220 2017 1265 2066 eet
1280 2005 1430 2068 Dominus

287 2093 399 2156 Amor.
441 2095 495 2154 list
513 2093 589 2153 enim
608 2093 673 2176 Beg
686 2091 792 2152 Turcis
808 2089 968 2168 Dominus,
994 2099 1030 2149 ut
1053 2099 1098 2149 est
1118 2089 1196 2172 apud
1213 2091 1429 2152 Leunclsrium

287 2179 320 2238 in
340 2179 471 2238 secundo
490 2178 683 2239 Onomastico
696 2177 841 2251 Turcico,
863 2185 893 2234 et
914 2175 966 2238 lib.
985 2173 1037 2236 IV.
1057 2173 1136 2238 Hist.
1155 2175 1336 2236 Musulnsan.
1356 2197 1429 2258 pag.

289 2267 361 2329 196.
374 2263 425 2322 ubi
438 2264 578 2324 observat
593 2261 658 2344 Beg
673 2283 780 2321 nomen
796 2259 860 2320 dari
878 2261 974 2322 solere
988 2259 1126 2320 omnibus
1143 2261 1274 2322 officium
1293 2263 1346 2322 vel
1361 2283 1431 2324 mu·

285 2366 344 2407 nus
357 2347 479 2428 aliquod
493 2370 509 2407 a
529 2369 598 2428 rege
611 2349 660 2408 vel
676 2349 799 2407 Sultano
823 2347 1001 2406 consecutis.
1034 2345 1142 2405 Graeci
1155 2367 1227 2407 vero
1243 2345 1307 2431 Πὲγ
1321 2358 1354 2408 et
1367 2347 1431 2411 m.

284 2457 333 2516 γις
354 2431 477 2512 dicunt,
498 2433 548 2494 vel
573 2433 713 2515 Μπέγις,
735 2443 770 2493 ut
794 2432 824 2492 in
848 2431 946 2492 Glose.
967 2429 1044 2490 med.
1064 2431 1193 2495 Graecit.
1219 2432 1429 2495 observamus.

281 2517 371 2589 ‚Unde
388 2519 529 2580 discissus
544 2520 611 2599 quis
627 2520 652 2578 is
669 2519 708 2578 sit
721 2539 810 2598 quern
823 2515 1007 2576 Froissertus
1023 2515 1076 2576 lll.
1099 2516 1164 2576 Vol.
1186 2539 1252 2596 cap.
1270 2519 1373 2581 XXII.
1399 2529 1432 2582 et

282 2601 399 2665 XXIII.
415 2601 621 2666 Amoroboln‘n
635 2613 734 2681 vocat,
757 2624 833 2684 quse
848 2623 909 2662 vox
923 2601 1027 2662 effecta
1039 2621 1077 2660 ex
1090 2603 1190 2690 Amqr
1202 2599 1294 2685 Regis
1304 2605 1358 2665 rel
1371 2603 1432 2666 Be-

279 2689 343 2768 gin.
387 2689 447 2748 Sed
463 2712 500 2749 an
514 2687 614 2752 Amor
624 2689 697 2768 iste,
720 2690 807 2749 cuius
822 2687 956 2748 meminit
971 2686 1132 2765 Gregoras,
1155 2697 1186 2746 et
1199 2689 1431 2750 Contacuaenus

282 2771 350 2832 1000
365 2773 500 2850 laudato,
522 2776 561 2834 sit
574 2775 625 2834 ille
642 2797 658 2834 1
673 2795 732 2855 quo
748 2775 924 2834 interfectus
937 2780 983 2830 est
1002 2771 1145 2846 Meleona,
1168 2769 1295 2834 dubium
1313 2776 1433 2857 ingerit

281 2853 361 2916 idem
384 2859 623 2936 Centaeuaenus,
653 2861 705 2938 qui
722 2859 772 2921 lib.
794 2859 832 2920 ll.
851 2879 917 2938 cap.
941 2857 1053 2916 XXIX.
1075 2867 1106 2917 et
1126 2857 1181 2918 lib.
1196 2859 1247 2922 Ill.
1269 2881 1336 2940 cap.
1361 2863 1430 2926 Vll.

280 2943 409 3003 eundem
428 2944 582 3004 Amurium
600 2945 707 3004 Aitinis
722 2943 821 3005 ioniae
846 2941 910 3024 (seu
927 2941 1046 3019 Cariae,
1070 2943 1114 3002 uli
1128 2941 1219 3004 habet
1234 2943 1287 3008 lib.
1301 2945 1343 3010 11.
1358 2968 1432 3029 cap.

278 3023 377 3106 XIII.)
393 3031 533 3110 satrapae
546 3029 637 3090 lilium
654 3030 745 3089 fuisse
758 3031 809 3106 ait,
831 3027 1017 3106 eundemque
1034 3027 1226 3110 Sstrspsrum
1246 3031 1336 3092 Asiae
1351 3054 1433 3116 opu-

278 3111 486 3178 lentissimum.
522 3113 651 3174 111ῐὶ111]
669 3125 824 3195 praeterea
839 3112 915 3172 duos
932 3113 1006 3171 alios
1021 3109 1099 3171 filios
1116 3111 1266 3191 habuisse,
1294 3138 1435 3197 qnorum

278 3196 355 3262 alter
374 3196 486 3274 Cisseis,
515 3199 591 3258 alter
610 3197 811 3261 Sosleimesns
829 3199 1006 3259 vocabatur.
1049 3198 1167 3259 Amurii
1194 3221 1286 3280 porro
1314 3205 1434 3266 crebra

278 3281 388 3343 deinde
401 3284 512 3345 mentio
525 3285 607 3365 apud
621 3287 870 3347 Cantacusenum.
911 3303 1043 3344 nocane.

364 3387 437 3465 Peg.
463 3387 533 3465 137,
557 3392 608 3454 17.
646 3379 736 3471 Ἧρος
760 3383 1008 3460 diiectissimo]
1038 3383 1125 3446 cuca
1149 3407 1196 3446 sn.
1220 3386 1434 3454 MCGLXXV.

277 3486 408 3528 110110.
610 3501 612 3506 -

314 3559 315 3567 ¹
364 3573 437 3652 Peg·
462 3576 535 3650 138,
558 3577 588 3640 8.
630 3573 689 3648 Εἰς
709 3577 831 3636 πλεῖστα
855 3567 1014 3655 τεμόντες]
1050 3571 1130 3634 Η110
1147 3573 1242 3654 igitur
1268 3575 1434 3640 exstineto

275 3653 445 3736 Tuscorum
459 3655 658 3718 leodiensium
675 3659 863 3739 principatu,
890 3679 959 3718 cum
976 3657 1071 3718 eidem
1086 3657 1198 3722 tuendo
1215 3671 1327 3722 contra
1344 3663 1435 3724 Tar-

274 3737 358 3798 taro's
375 3739 504 3820 impares
524 3755 637 3816 essent,
659 3744 767 3824 singuli
785 3763 822 3802 ex
839 3743 1020 3823 primoribus
1034 3745 1157 3822 Turris,
1178 3757 1273 3826 prout
1296 3745 1435 3810 libitum

274 3823 343 3898 suit,
366 3825 480 3904 oppida
496 3837 525 3887 et
542 3829 713 3906 provincias
728 3839 933 3909 pervaserunt,
958 3849 1025 3888 cuns
1045 3829 1170 3890 Graecis
1181 3851 1275 3910 aeque
1292 3853 1334 3892 ac
1350 3835 1434 3894 Tar-

274 3910 348 3969 tsris
373 3909 485 3970 bellum
513 3922 663 3990 gerentes,
693 3915 873 3994 tandemque
901 3913 1007 3976 iisdem
1031 3914 1166 3976 Tartaris
1189 3917 1434 3998 recedentibus,

272 3995 423 4076 pulsoque
444 3997 494 4057 vel
517 4007 599 4057 certe
624 4017 686 4056 non
708 3998 837 4058 admisso
860 3999 1002 4078 Sultano,
1026 4001 1188 4064 Turcicunr
1206 4001 1433 4082 principatum

268 4081 439 4160 *provinciis
453 4083 581 4142 invicem
602 4081 781 4162 dispertitis,
804 4083 910 4144 deinde
925 4085 1005 4166 quod
1024 4087 1149 4147 Romani
1163 4106 1215 4146 seu
1230 4088 1435 4150 Graecorum

271 4161 390 4226 111111
417 4177 573 4248 supererat
592 4167 710 4249 Imperii
731 4169 923 4246 invaserunt,
944 4169 1073 4251 indeque
1090 4173 1122 4232 in
1138 4174 1289 4254 Europam
1306 4177 1435 4236 evola·

270 4259 359 4324 runt,
382 4252 418 4311 sb
432 4253 568 4333 ipsismet
582 4253 705 4314 Graecis
722 4253 952 4333 imperatoribus
965 4257 1098 4332 evocati,
1122 4257 1193 4318 dum
1209 4279 1299 4338 opem
1313 4280 1362 4320 ac
1374 4281 1435 4322 su-

269 4331 377 4396 xilium
391 4349 548 4418 quaerunt,
571 4359 631 4420 quo
643 4359 676 4401 se
691 4338 835 4402 adsersus
849 4357 920 4400 suae
926 4341 1023 4420 gentis
1036 4341 1213 4426 principes,¹
1224 4352 1319 4426 etque
1340 4345 1435 4408 adeo
