3064 4828
359 265 890 412 marcomannorum
909 309 1000 380 rvr.
1021 316 1053 384 a
1172 299 1249 379 ευσ

153 456 189 554 ὃς
202 473 287 566 odedi
301 475 478 564 φιλονείκως
498 471 573 542 ποτέ
593 471 816 560 διαφερομένω
838 472 1031 562 Φαβωρίνου
1043 475 1101 542 aod
1121 468 1287 564 meiuod-n.
1302 499 1331 550 c,
1345 494 1411 555 1³47

153 603 235 667 φου,
257 579 324 658 ἐξόν
338 575 523 646 ἀποκτείνειν
533 625 545 660 ,
569 571 587 644 δ
608 576 643 642 δέ
661 576 784 662 οὐδαμῆ
799 573 1012 664 παρωξάνετο,
1036 575 1109 644 ἀλλ’
1126 569 1411 692 ἐνεκαρᾸἛέἕὲοῗ·

153 681 231 768 τέρει
255 687 299 770 τῷ
316 675 454 770 μειλιχίην
476 685 533 748 'tori
554 677 675 764 ῆθους,
701 677 763 746 άπὸ
786 686 842 747 τοῦ
856 679 925 747 tirou
939 675 1169 768 διαφερόμενος.
1201 681 1280 761 dodi·
1337 673 1358 733 -’

152 783 317 850 κάνταῦθα
333 789 454 868 μᾶλλον
482 778 500 850 δ
522 781 668 865 βασιλεδς
688 777 881 866 ἐθαυμάζετο
903 781 982 870 πρὸς
1001 787 1066 850 τῶν
1086 779 1249 870 παρόντων

129 885 205 952 cont
222 885 259 952 τό
271 891 328 952 τοῦ
342 885 445 970 ῆθους
458 882 591 972 ῆμερον,
612 881 691 971 ήπερ
706 885 765 972 ἐγὼ
775 884 828 952 διὰ
844 884 881 952 τό
896 891 953 952 τοῦ
968 883 1060 971 ζήλου
1071 885 1246 970 θυμοειδές.
1326 945 1331 952 .

150 985 221 1078 (Ζ.)
248 985 379 1056 Τοάτων
400 987 433 1054 δ’
455 987 556 1064 οὕτως
576 983 726 1070 ἐχόντων,
755 989 806 1054 καὶ
826 986 910 1054 οὕτω
925 984 1090 1076 χωροάσης
1109 995 1168 1075 τῆς
1184 995 1249 1058 τῶν

148 1087 341 1176 πραγμάτων
361 1087 473 1175 τόχης,
498 1087 572 1156 οὔδ’
598 1083 697 1165 οὕτως
709 1082 860 1176 ἦν’ήσυχῆ
873 1087 1050 1176 καθήμενον
1061 1090 1164 1180 φέρειν
1176 1092 1246 1177 ἐμέ·

148 1191 223 1260 ἀλλ’
253 1189 447 1281 ἐδυσφόρουν
471 1193 523 1258 καὶ
548 1189 721 1276 ἤσχαλλον,
759 1194 811 1259 ani
838 1193 936 1278 μίσης
960 1190 1074 1279 ῆπτετό
1100 1219 1164 1279 μου
1190 1200 1248 1281 τῆς
1363 1263 1368 1272 ,

148 1297 281 1382 καρδίας
310 1296 346 1362 ad
368 1293 490 1372 πόθος·
525 1297 577 1360 καλ
604 1295 712 1382 καιρόν
732 1301 790 1380 τῆς
817 1297 894 1380 ἐμῆς
918 1293 1043 1382 ἐζήτουν
1066 1297 1342 1386 προθίσεωςΡ.5λο

109 1407 141 1464 tt
150 1395 239 1476 άξιόν
253 1423 293 1480 τι,
316 1400 387 1486 πρὶν
398 1394 458 1464 δπδ
474 1393 574 1482 λόπης
589 1404 713 1480 παθεῖν,
727 1397 915 1484 δεδρακίναι.
941 1405 999 1466 τοῦ
1012 1398 1049 1466 δέ
1056 1397 1172 1488 χρόνου
1180 1426 1247 1487 χω-

148 1507 280 1588 ροῦντος
299 1501 329 1577 ἐς
352 1500 388 1566 τό
411 1505 469 1566 τοῦ
493 1497 698 1589 φθινοπώρου
718 1501 831 1588 πίρας,
859 1502 962 1587 ἐπειδή
985 1507 1030 1592 τῷ
1050 1509 1176 1586 βασιλεῖ
1193 1504 1246 1570 διδ

147 1607 326 1672 Mandonion
342 1602 396 1669 τόν
411 1603 490 1685 οἶόν,
509 1599 551 1680 ὡς
567 1602 696 1690 εἴρηται,
713 1604 765 1670 διὰ
781 1607 920 1690 σπουδῆς
933 1604 1131 1693 ἀφικνεῖσθαι
1146 1608 1248 1683 ίςΔι-

148 1703 331 1790 δυμότειχον
350 1698 400 1790 ήν,
419 1707 473 1772 ἵνα
487 1705 526 1790 δή
541 1704 732 1790 λυπούμενον
751 1707 863 1774 ἐκεῖνον
883 1706 1168 1794 παραμυθούμενος
1188 1708 1248 1785 τδς

148 1815 206 1893 τῆς
220 1811 380 1892 βασιλίδος
401 1805 537 1895 Εἰρήνης
556 1809 732 1895 ἐπαγγελίας
754 1811 798 1886 είς
812 1809 901 1897 ἔργον
923 1807 1040 1898 ἀγάγη,
1065 1817 1177 1877 τοῦτον
1189 1811 1248 1899 ἐγώ

109 1913 206 1982 tarda
222 1910 328 1998 καιρὸν
348 1911 482 1997 ἀγαθόν.
493 1908 684 1996 ἡγησάμενος
703 1912 829 1998 ἕρμαιον
835 1961 846 1993 ,
876 1913 927 1978 καλ
946 1923 1012 1989 τοῖς
1028 1913 1274 1996 σκοπουμένοιςλλ

148 2017 288 2092 ἐπιεικῶς
299 2041 353 2098 μοι
368 2010 574 2102 προσήκοντα,
591 2011 732 2102 πρόσειμι
743 2014 817 2082 κατ’
833 2011 1086 2104 ἐδίανΕλρήνητῆ
1096 2018 1244 2100 βασιλίδι,

149 2122 204 2184 καλ
222 2117 288 2199 άμα
302 2123 359 2184 roni
375 2143 407 2183 τε
421 2114 512 2202 ζήλου
529 2119 623 2202 δῆλον
638 2119 750 2203 τίθημι
765 2117 802 2184 τό
821 2118 934 2206 φλέγον
955 2121 1007 2186 καλ
1022 2116 1096 2196 τοός
1113 2143 1147 2204 γε
1166 2117 1245 2207 ιἰπέρ

150 2220 305 2304 εὐσεβείας
325 2219 488 2307 άνθρακας
511 2217 718 2288 άνακολόπτω
738 2226 795 2306 τῆς
817 2221 894 2306 ἐμῆς
912 2222 1058 2308 καρδίας,
1087 2221 1161 2288 κάπλ
1186 2222 1246 2312 νέρι

150 2327 205 2390 καλ
219 2319 382 2407 ἀκμάζοντι
394 2329 439 2413 τῷ
454 2327 510 2388 τοῦ
524 2323 635 2400 παιδὸς
645 2322 702 2408 τὴν
717 2325 846 2410 καρδίαν
858 2325 934 2402 τέως
946 2323 1158 2411 ῆσχολημίνην
1172 2325 1246 2391 πίν-

107 2433 203 2496 ὶοθει
230 2433 286 2514 τῆς
315 2428 428 2521 ἐκείνου
451 2431 594 2512 τελευτῆς
623 2422 808 2494 αίτιάτατσν
832 2423 967 2514 ἐφασκον
989 2423 1065 2494 εἶναι
1097 2427 1155 2512 τήν
1182 2433 1246 2494 τῶν

151 2526 316 2616 δογμάτων
331 2523 514 2595 κατάλυσιν·
531 2521 597 2614 ῆςό
614 2529 727 2598 ἐκείνου
740 2527 844 2616 πατὴρ
857 2529 1037 2614 ἐνδιαίτημα
1051 2528 1179 2613 βίβαιον
1192 2555 1248 2596 πε-

147 2631 277 2718 πραχῴς
300 2631 357 2716 τὴν
380 2634 509 2718 καρδίαν
535 2635 681 2727 μεγίστην
698 2641 765 2709 τοῖς
789 2640 893 2708 κακοΐς
914 2628 1052 2698 ἐδεδοίκει
1078 2631 1178 2719 ῥοπήν
1202 2634 1274 2707 ricc

147 2737 207 2821 τήν
222 2742 278 2820 τῆς
292 2736 401 2812 κακίας
422 2736 566 2800 ἐπίδοσιν.
593 2733 686 2800 ταῦτ’
712 2733 803 2800 simoin
825 2736 876 2812 καλ
897 2735 990 2800 πλείω
1003 2743 1068 2809 τοῖς
1080 2731 1248 2820 εέρημίνοις

149 2835 313 2906 ιλκόλουθπ
333 2839 514 2926 παρενείρας
533 2838 566 2902 ἐκ
588 2843 644 2922 τῆς
664 2843 787 2925 γραφῆς
806 2836 884 2932 ῥᾷον
907 2833 928 2922 ῆ
951 2834 1032 2903 κατά
1052 2834 1110 2912 τὰς
1123 2837 1247 2913 ἐλπίδας
1353 2880 1355 2890 ι

221 2967 265 3022 19.
282 2961 451 3037 ἠσχολημίνη
469 2963 533 3020 coni.
550 2965 627 3020 Boin.

147 3057 323 3124 Phanorinum
337 3069 517 3140 philosophum
530 3085 613 3128 cecum
627 3068 792 3124 altercantem
807 3067 926 3125 occidere
939 3085 995 3124 cnm
1003 3073 1099 3140 posset,
1108 3067 1245 3139 nequidem

146 3139 322 3200 irascebatur,
340 3141 385 3192 red
400 3140 426 3192 λιι
439 3155 533 3191 morum
544 3139 738 3192 mansuetudine
755 3141 949 3208 perseverabat,
968 3147 995 3193 et
1009 3157 1066 3192 curn
1080 3156 1110 3192 eo
1123 3145 1244 3207 tanquam

147 3225 207 3262 cum
221 3207 324 3278 aequali
333 3208 476 3261 rixabatur.
510 3208 552 3261 Ea
566 3215 671 3277 propter
685 3207 727 3260 hic
741 3223 843 3280 quoque
853 3209 1032 3278 imperatorem
1044 3208 1065 3261 ii
1097 3206 1125 3259 ui
1137 3206 1245 3258 oderant

147 3277 344 3331 admirabantur
350 3277 441 3347 magia,
458 3276 527 3398 pncd
540 3285 609 3330 esset
621 3275 676 3329 miti
684 3275 805 3360 ingenio,
823 3293 899 3362 quam
908 3293 956 3342 me,
974 3277 1042 3347 quod
1055 3225 1137 3328 αόίοοι
1148 3273 1246 3327 unimo-

148 3345 1247 3488 ztti’tt‘tt'ttistitttttttttttttttttttt‘tttt‘titt

148 3501 200 3554 gre
217 3484 266 3537 tuli
283 3491 311 3536 et
329 3483 478 3552 indignatus
493 3501 562 3547 aum,
588 3489 616 3536 et
627 3482 741 3536 intimum
753 3489 843 3554 pectus
854 3484 926 3538 dolor
940 3483 1045 3552 attigit3
1061 3490 1140 3554 atquc
1148 3498 1248 3603 pppor-

147 3559 241 3607 tunurn
257 3569 290 3605 ax
303 3568 333 3604 co
350 3559 451 3622 tempus
464 3551 584 3622 captavi,
602 3557 631 3605 ut
645 3559 781 3624 antequam
799 3553 909 3607 moerori
925 3554 1131 3616 succumberem,
1174 3549 1248 3620 iquid

167 3622 286 3691 reposito
298 3637 354 3674 meo
369 3621 471 3690 dignum
485 3637 612 3674 nararem.
647 3621 775 3692 Tempore
788 3621 826 3675 ita
845 3639 877 3676 na
892 3621 1055 3692 procedente,
1073 3621 1121 3676 cub
1134 3617 1247 3672 autumni

147 3639 244 3754 gnam,
262 3707 319 3742 curu
334 3694 377 3758 (ut
387 3691 512 3758 diximus)
529 3689 668 3760 imperator
685 3691 811 3745 Matthaei
826 3639 874 3744 iiii
891 3707 970 3745 causa
984 3689 1190 3759 Didymotichum
1208 3688 1248 3740 ira

147 3755 306 3844 seminaret,
324 3757 423 3812 tristem
437 3759 561 3842 yideiicct
579 3775 634 3812 eum
650 3759 839 3844 emendaturus,
857 3765 884 3813 et
898 3758 1069 3842 imperatricip
1082 3757 1170 3810 irenes
1187 3773 1249 3826 prc-

147 3829 404 3960 ,torritii
410 3825 1246 3967 atttttttttt:‚titstttttcttttrtrtff

147 3967 211 4030 uic3
227 3965 277 4018 aeli
287 3965 414 4019 fervorem
429 3966 542 4029 declaro,
554 3973 582 4018 et
592 3966 700 4018 animum
712 3915 845 4035 refigionis
858 3981 943 4019 amora
955 3964 1134 4021 inflammatum
1147 3961 1246 4040 aperio.

148 4033 281 4098 Quoniam
299 4041 383 4088 autem
398 4035 498 4089 recenti
515 4041 542 4087 et
555 4035 634 4087 crudo
649 4033 697 4086 tilii
711 4035 804 4088 mortui
820 4035 950 4088 desiderio
964 4031 1047 4086 teneri
1066 4031 1173 4085 animum
1191 4041 1246 4079 erus

145 4103 281 4166 videbam,
300 4119 400 4156 caucum
413 4105 469 4157 eius
483 4103 572 4156 mertis
586 4103 746 4156 verissimam
758 4121 815 4156 esse
829 4104 927 4156 affirmo
936 4103 1084 4169 dogmatum
1100 4095 1246 4164 corruptic-

146 4189 225 4232 nem.
242 4173 285 4224 cui
304 4181 379 4254 pater
398 4172 517 4226 defuncti
537 4173 631 4224 firmam
649 4171 735 4224 sedem
754 4187 802 4224 ano
820 4171 847 4224 in
867 4172 946 4225 corda
960 4169 1077 4232 fixisset,
1094 4183 1125 4220 ac
1140 4163 1247 4232 proinde

145 4240 287 4295 maximum
307 4241 431 4310 improbis
451 4241 550 4312 pondus
565 4240 597 4293 ad
612 4239 718 4293 sceleris
735 4239 916 4293 incrementum
934 4235 1086 4291 addidisset.
1120 4233 1194 4285 Haec
1208 4232 1246 4284 lo·
1352 4293 1357 4300 Ι

145 4316 261 4380 quutus,
279 4327 337 4364 curn
351 4317 379 4364 et
390 4311 466 4381 plura
477 4312 518 4363 his
531 4308 621 4364 affinia
635 4323 754 4363 exsucta
766 4309 903 4380 Scriptura
913 4304 1128 4366 interseruissem,
1146 4300 1247 4354 facilius

223 4395 385 4472 Niccpisonrr
399 4399 510 4468 ausgor.
536 4397 594 4453 Vct.
613 4395 649 4450 11.
1000 4378 1042 4444 63
