3034 4828
361 316 596 390 fflsuonluu
608 317 884 388 ΒΥΖΔΝΤΙΝΔΕ
895 316 1060 392 mne
1154 309 1253 384 1097

166 479 267 552 πῶντα
280 481 313 548 έν
327 485 372 569 τῷ
386 475 510 546 πάντων
529 481 618 570 αἰτίῳ
631 481 799 566 μονοειδῶς
813 481 864 546 καΙ
885 475 1057 566 ἡνωμένος.
1097 479 1124 546 εἰ
1145 480 1181 548 δέ
1199 481 1325 548 snite.
1338 488 1404 544 1³61

166 583 183 652 d
198 583 276 652 καθ’
289 580 371 668 ἡμᾶς
380 579 466 666 ἥλιος
478 581 535 659 τὰς
549 589 612 649 τῶν
624 586 786 670 αΙσθητῶν
799 581 905 660 σιύίας
920 583 971 649 καί
987 577 1163 669 ποιότητας,
1180 561 1416 682 καί-Ῑᾚὶοὲὼ

166 713 216 756 τοι
236 685 351 764 πολλὰς
372 687 423 752 seul
443 681 613 771 διοφίρονς
635 685 747 766 eduae,
771 681 813 762 τίς
829 683 924 762 αὐτὸς
943 683 1004 766 ῶν,
1027 686 1079 752 καί
1096 688 1281 768 μονοειδέςΙ)

168 787 348 872 έπιλιίμπων
365 794 449 874 φῶς,
476 788 551 866 ζωοῖ
562 789 612 854 καλ
627 787 748 874 τρέφει,
775 792 880 876 πολλῶ
894 793 1014 870 μᾶλλον
1028 788 1060 854 έν
1075 793 1119 877 τῶ
1132 791 1182 854 καὶ
1197 790 1255 856 αὔ·
1275 767 1306 818 V'
1318 766 1370 824 ⁶⁵⁵

146 899 226 961 θτοῶ
245 898 300 958 nusi
322 887 410 976 ἡλίου
430 891 481 954 καί
499 885 623 957 πάντων
641 897 704 956 τῶν
726 889 824 957 ὅντων
851 893 939 982 αΙτίρν
964 887 1193 976 προϋφεστάναι
1215 892 1258 959 nd
1377 897 1381 906 ’

167 991 291 1062 πάντων
305 999 367 1060 τῶν
388 990 485 1058 ὅντων
499 993 731 1078 παραδείγματα
746 992 826 1058 κατὰ
844 993 918 1074 μίαν
933 989 1116 1080 ὅπεροὸσιον
1138 993 1256 1075 ἕνωσιν,

167 1095 397 1182 συγχωρητέον·
423 1090 566 1180 καθάπερ
585 1091 606 1178 ἦ
627 1094 715 1182 φωνὴ
733 1097 790 1176 μία
812 1091 902 1179 καλῆ
929 1093 1008 1180 ndns)
1038 1095 1116 1182 πρὸς
1135 1101 1258 1164 πολλῶν

169 1199 271 1266 οάισῶν
287 1194 328 1272 ῶς
339 1199 396 1279 μία
406 1194 593 1280 μετ’ίχεται.”
646 1196 712 1286 (Γ.)
734 1197 815 1264 Ἐπεί
833 1198 866 1263 δέ
885 1199 936 1264 καί
951 1199 1018 1284 περί
1037 1195 1132 1264 τόπου
1148 1201 1288 1280 dunin-pp

170 1307 235 1383 βεῖν
249 1295 331 1382 ἡμᾶς
345 1301 376 1364 έν
391 1300 514 1375 ἐκείνοις
532 1299 766 1382 συμπέπτωκεν,
783 1298 837 1366 ὅτε
857 1302 908 1366 καί
925 1298 1021 1367 adsoni
1036 1308 1214 1382 συνεκτικῶς
1226 1325 1261 1370 τε

129 1413 164 1470 10
171 1405 222 1468 καΙ
236 1399 372 1478 ἕνσειιλῶς
387 1401 428 1467 τὰ
444 1403 475 1466 έν
490 1400 575 1490 αὐτῷ
589 1403 780 1488 περιέχοντος
792 1400 925 1483 ἅπαντα,
941 1405 993 1468 καΙ
1011 1402 1052 1469 nd
1066 1400 1202 1491 διάφορα
1218 1401 1262 1470 εί-

169 1531 221 1572 νοι
237 1507 406 1582 δοκοῶντο,
434 1502 598 1590 ἀναγκαίαν
616 1508 668 1570 καί
688 1503 800 1572 τούτου
821 1505 880 1590 τὴν
895 1511 958 1572 τῶν
973 1506 1068 1572 θείων
1083 1513 1140 1592 τῆς
1154 1507 1262 1592 dusin-

169 1609 239 1684 σίας
252 1605 461 1687 διδασκάλων,
485 1603 630 1692 καθάπερ
645 1633 673 1674 τι
688 1614 749 1674 τῶν
763 1607 935 1692 ἀναγκαίων
946 1614 1057 1693 χρεῶν,
1079 1612 1263 1695 συμφωνίαν

170 1707 413 1792 ἀποπιμπλάναι.
434 1705 479 1790 „d
494 1709 569 1786 θεὸς
581 1709 675 1786 dulos
690 1709 743 1792 ῶν,
755 1713 805 1776 καί
818 1710 1051 1796 ἀπερίμροτιτος,
1066 1711 1097 1776 έν
1105 1708 1189 1798 τόπῳ
1205 1710 1292 1778 odsi·

172 1809 263 1878 ἔστιν.
291 1811 386 1888 αὐτὸς
397 1810 457 1898 γὰρ
478 1808 591 1878 ἑαυτοῦ
605 1809 699 1889 τόπος
720 1814 802 1879 ἐστίν
808 1861 819 1892 ,
843 1809 860 1880 ὅ
883 1811 924 1879 τὰ
942 1809 1043 1878 πάντα
1067 1817 1193 1898 πληρῶν
1213 1814 1265 1880 καλ

129 1911 248 2002 Ιόῶνιέρ
264 1913 303 1980 nd
317 1910 419 1980 πάντα
437 1912 500 1994 ῶν,
522 1913 579 1980 udos
592 1914 686 1992 αὐτὸς
699 1916 833 2000 συνέχων
851 1914 892 1981 ul
912 1912 1021 1982 πάντα.
1056 1915 1156 1982 ίστέσν
1170 1915 1205 1980 δέ
1217 1913 1265 1982 ὅτι

172 2017 210 2086 τὸ
225 2024 312 2084 θεῖον
326 2015 436 2104 ἀμερίς
451 2019 533 2082 ἐστιν
540 2065 551 2097 ,
580 2016 651 2084 ὅλον
666 2015 775 2096 ὅλικῶς
788 2022 946 2100 πανταχοῦ
966 2015 1002 2084 ὅν
1007 2064 1020 2097 ,
1045 2019 1096 2082 καί
1113 2017 1149 2084 od
1171 2017 1267 2104 μέρος

174 2120 206 2188 έν
228 2119 312 2206 μέρει
332 2126 515 2202 σωματικῶς
535 2117 765 2206 διαιρούμενον,
788 2119 862 2186 ἀλλ’
882 2118 955 2186 ὅλον
975 2120 1008 2184 έν
1024 2126 1104 2189 πᾶσι,
1119 2122 1170 2186 καί
1193 2120 1266 2186 ὅλον

172 2217 250 2309 ῶπέρ
271 2220 307 2288 τὸ
329 2227 399 2290 πᾶν.
433 2219 450 2289 d
469 2223 501 2288 d’
520 2221 643 2308 ῶγγελος
656 2229 838 2306 σωματικῶς
852 2225 909 2306 μέν
928 2224 960 2288 έν
979 2219 1066 2312 τόπῳ
1082 2221 1119 2288 ed
1136 2223 1270 2308 περιέχε-

173 2351 243 2405 ται,
267 2322 345 2391 ῶστε
360 2331 538 2393 τυποῦσθαι
553 2329 603 2391 καὶ
616 2329 876 2409 σχηματίζεσθαι·
903 2323 986 2408 ὅμως
1006 2327 1123 2412 λέγεται
1146 2322 1222 2392 είναι
1236 2327 1268 2392 έν

130 2425 282 2517 nondun),
303 2426 356 2506 dod
370 2427 406 2494 τὸ
421 2439 561 2514 παρεῖναι
576 2435 694 2511 νοητῶς
706 2454 767 2496 που
780 2431 830 2493 καί
844 2431 971 2513 ἐνεργῶν
987 2427 1067 2494 κατὰ
1080 2426 1138 2510 τὴν
1155 2425 1266 2494 ἑαυτοῦ
1282 2443 1312 2498 Ρ.
1325 2443 1377 2500 689

175 2528 287 2620 φῶσιν,
308 2531 358 2595 καὶ
371 2530 416 2614 μὴ
432 2529 508 2596 εἶναι
522 2527 691 2612 ῶλλαχοῶ.”
743 2527 812 2618 (Δ.)
835 2529 912 2616 Ἐρῶ
929 2532 950 2596 d
953 2529 961 2554 '
983 2531 1016 2594 ἔκ
1034 2534 1156 2596 πολλῶν
1170 2529 1271 2596 πολλὰ

248 2677 273 2730 1.
292 2673 319 2728 τί
337 2667 424 2740 pont
448 2671 489 2728 ed.
572 2671 599 2728 4.
621 2671 713 2742 πολλῶ
730 2689 761 2741 ps
782 2671 823 2726 ed.
909 2669 956 2727 isi
978 2672 1028 2742 sein
1045 2669 1094 2725 καλ
1112 2664 1203 2726 odensi
1223 2671 1273 2729 nul

246 2740 358 2798 πάντων
372 2743 463 2804 αἰτίαν
479 2741 521 2795 ed.
605 2744 630 2796 6.
647 2741 741 2796 πάντα
752 2740 794 2795 ed.
876 2737 903 2797 7.
927 2729 1074 2865 σὸσσίὁροιλ
1086 2743 1137 2808 μία
1153 2739 1212 2794 edd.
1229 2742 1272 2796 sd.

246 2815 290 2934 g.
305 2809 368 2882 περί
381 2819 441 2864 nute
455 2807 558 2867 rodeno
572 2809 716 2864 addendum
730 2815 821 2865 censet
834 2807 917 2881 Cnpp.
1047 2809 1100 2865 κῶν
1113 2806 1191 2880 usispi
1204 2811 1272 2865 noui

270 2897 332 2952 epp.

179 2999 340 3054 uniformiter
354 3005 381 3052 et
394 2996 465 3053 unite
478 2997 506 3052 iu
519 2997 630 3054 ouuuiuuu
643 3015 721 3054 nnuss
735 2995 944 3070 supermundanis
957 2997 1037 3054 oeulis
1052 2997 1209 3068 conspicere.
1241 2995 1275 3052 sl
1334 2995 1338 3002 ’

179 3087 242 3124 vern
257 3067 295 3122 eol
310 3074 397 3122 noster
415 3068 507 3122 multus
522 3085 554 3120 ne
568 3069 684 3123 diverses
699 3086 783 3122 renum
798 3067 926 3122 sensilium
946 3067 1103 3122 substnuties
1117 3072 1144 3122 et
1163 3065 1275 3138 qualitu-

180 3146 238 3202 tes,
255 3154 320 3190 unus
333 3135 405 3205 ipse,
422 3145 450 3190 et
463 3137 586 3190 uniforme
604 3139 686 3192 lumen
707 3136 867 3200 diffundens,
891 3135 1007 3190 uiuifinet
1028 3143 1055 3190 et
1076 3135 1173 3199 nutrit3
1198 3136 1276 3206 louge

92 3247 96 3256 .
180 3205 276 3279 potiori
295 3205 396 3258 notione
416 3206 604 3260 concedendum
619 3215 674 3271 est,
691 3205 794 3260 insulis
811 3205 893 3276 ipsius
911 3211 939 3260 et
957 3204 1174 3260 emolumentium
1187 3220 1274 3269 ceusu,
1375 3219 1377 3225 ·

181 3292 230 3347 per
242 3273 340 3328 unicum
353 3274 624 3344 supersubstantialem
639 3273 794 3339 unitionem,
811 3273 921 3328 omnium
934 3291 1019 3328 rerum
1033 3290 1104 3328 exesu
1124 3273 1186 3327 loriu
1198 3289 1276 3342 prue-

182 3344 328 3400 exstitisses
346 3343 552 3414 quemadmodum
566 3351 594 3398 et
609 3361 673 3409 νοκ,
691 3359 811 3398 eumuna
825 3343 860 3397 sit
874 3349 902 3398 et
915 3343 1019 3408 adem,
1035 3359 1051 3396 α
1069 3291 1155 3395 οιαΙιίι
1174 3358 1277 3411 qunque

181 3413 296 3478 nuribus,
313 3421 342 3466 ut
354 3429 414 3476 unu,
429 3409 624 3482 participetur?
659 3411 734 3481 (ΙΙΙ.)
751 3412 803 3465 Sed
817 3411 935 3482 quonium
948 3413 990 3466 bin
1005 3429 1062 3465 sese
1077 3409 1150 3465 dedit
1164 3409 1277 3476 οσσοιὶο,

181 3489 213 3536 ut
224 3483 257 3536 de
270 3482 325 3535 loco
341 3481 507 3545 dissererem,
524 3481 622 3564 quippe
641 3481 686 3551 qui
699 3479 858 3534 continenter
876 3489 903 3534 et
920 3479 1080 3535 uniformiter
1094 3479 1277 3562 complectetur

182 3566 350 3621 quoecumque
365 3549 462 3604 suntin
475 3550 548 3622 ipso,
566 3559 642 3604 etiem
656 3567 723 3620 qune
736 3548 864 3604 enutrnrin
877 3549 928 3602 sibi
946 3549 1055 3603 invicem
1067 3565 1125 3602 esse
1138 3548 1276 3611 videntum

182 3636 290 3674 nonense
303 3627 359 3683 est,
377 3626 406 3672 ut
417 3617 561 3674 diuinorum
574 3618 700 3674 eeclesiae
715 3617 846 3672 docturum
860 3619 1023 3689 huncquoque
1038 3618 1065 3671 iu
1085 3635 1115 3672 το
1128 3623 1277 3670 nnuceutum

183 3687 1034 3812 titul.lnllttt'll'dlll‘lls'lt‘*tillio
1051 3683 1279 3808 elluini&

185 3835 227 3876 eet
246 3823 316 3893 ipse,
334 3825 378 3894 qui
398 3825 480 3882 omnio
500 3844 529 3880 re
548 3775 610 3881 letep
621 3793 701 3896 supro
719 3827 802 3880 omnin
816 3833 873 3890 est,
889 3823 950 3880 licet
967 3823 1049 3878 omnin
1068 3823 1125 3894 ipse
1138 3821 1278 3876 continent

185 3891 323 3946 Sciendum
338 3901 379 3946 est
400 3895 669 3964 purro,d1uinitntem
689 3911 748 3950 esee
768 3895 878 3964 partium
895 3903 1040 3966 expertem
1064 3899 1143 3946 totum
1164 3889 1280 3944 tntnlitet

186 3977 245 4012 esse
262 3961 372 4044 ubiquen
390 3979 440 4016 uun
462 3965 518 4018 eius
536 3971 632 4034 purtem
646 3965 675 4018 iu
696 3971 787 4033 purte,
804 3963 880 4033 qnnei
897 3961 1066 4034 enrpornliter
1085 3959 1210 4022 divisum
1231 3957 1279 4011 sed

186 4033 267 4082 tutem
279 4045 306 4080 nn
319 4029 447 4096 omnibus,
462 4039 489 4085 et
501 4041 581 4088 totum
596 4049 674 4102 supre
689 4031 781 4085 omnin.
816 4031 929 4100 Angelus
944 4037 1028 4084 sutem
1040 4047 1091 4082 nnn
1103 4026 1204 4098 quidem
1222 4041 1280 4079 σοι·-

187 4095 313 4166 purnliter
326 4097 353 4150 in
364 4097 421 4150 lucu
440 4101 602 4166 continetur,
619 4101 658 4154 ito
672 4107 701 4152 ut
715 4098 890 4182 nnrpnrnlibus
905 4099 994 4182 figuris
1005 4097 1195 4159 unnfnrmetm
1211 4099 1281 4147 attu-

187 4163 284 4219 meniu
298 4164 355 4217 loen
369 4183 426 4220 esse
443 4167 552 4232 diuitum
570 4167 630 4238 quis
643 4167 771 4237 spiritunlu
785 4175 814 4222 et
825 4165 981 4238 intelligibili
995 4165 1104 4237 quodum
1116 4161 1189 4218 modu
1201 4178 1280 4234 pree·

187 4251 246 4288 sens
266 4227 292 4286 in
309 4231 496 4300 incantantur,
515 4235 602 4308 ibique
621 4237 759 4292 seesmdum
774 4236 903 4307 proprium
925 4252 996 4290 susm
1015 4239 1131 4288 noturom
1149 4239 1280 4302 operetur,

186 4299 235 4358 ὀοα
246 4307 287 4356 est
294 4299 383 4355 slibi.”
417 4303 492 4372 (IV.)
509 4303 567 4376 ligo
581 4322 643 4362 vero
656 4321 713 4360 cum
725 4303 837 4361 smtdds
848 4302 899 4360 88.
908 4303 1030 4361 Petulbus
1041 4300 1121 4356 muln
1131 4299 1175 4357 bie
1186 4315 1281 4356 conue-

254 4388 417 4460 Ns'oepllsns
429 4390 541 4463 (irsgw.
562 4390 663 4447 Votll.
1033 4379 1076 4440 70
