2994 4830
305 273 383 346 710
607 282 845 352 NIGEPHORI
864 282 1107 355 Guucuuss}

142 453 174 512 rt
187 442 469 530 H.6852‹ieadiovc,
497 445 554 514 οδιι
575 444 613 514 dr
630 444 837 533 ἄμελῆσαιμεν
859 447 930 516 οὐδ’
953 447 1058 530 αὐτοὶ,
1090 452 1118 514 εἰ
1129 448 1338 538 περιγενίσθαι
1350 450 1400 538 γί-

176 525 228 576 M
241 525 274 581 ¹²
306 577 408 634 νοιτο,
433 551 479 638 ’μὴ
502 551 558 617 οῦν
578 551 776 633 ἀμείψασθαι
797 562 861 629 τοῖς
883 548 1030 638 ἀνήκουσι
1048 549 1190 641 τρόποις,
1224 549 1324 620 ὁπόσα
1338 561 1402 622 τῶν

305 655 359 744 ἐφ’
386 651 478 740 ἡμῖν·
512 651 558 730 οἷς
580 654 612 720 δ’
640 653 679 720 οῦ
685 703 696 738 ,
728 653 851 733 τοῦτοις
873 655 909 722 δ’
935 655 991 722 οὐκ
1009 653 1048 722 ι’ίν
1072 655 1146 720 ποτ’
1171 654 1399 742 ἓνοχλήσαιμεν,

305 755 452 846 ὁπότερον
476 755 590 824 ἱλοιντ’
612 755 654 854 δν
668 759 764 850 δρᾷν,
791 758 851 824 είτε
873 757 951 846 πρός
963 759 1019 836 τάς
1036 765 1097 824 τῶν
1110 759 1262 840 πολεμίιον
1274 761 1402 846 ἐπαγγε-

276 863 373 938 Fure
392 861 590 944 αὐτομολεῖν,
626 859 685 927 εἷ’τε
702 862 900 948 καθημένους
923 861 1000 930 οίιιοι
1015 857 1121 950 πόρρω
1136 865 1275 947 γίνεσθαι
1287 869 1426 946 petunt

304 967 473 1032 καὶταῦτα
494 965 550 1048 μίν
573 971 684 1030 τοῦτον
704 959 851 1049 ίσχετδν
870 961 995 1051 τρόπον.
1037 961 1105 1054 (ς’.)
1131 960 1258 1051 Χρόνου
1283 967 1317 1030 δὲ
1331 967 1402 1052 περὶ

301 1068 361 1154 τὴν
373 1068 550 1155 πολιορκίαν
563 1073 679 1152 συχνοῦ
692 1069 878 1154 τριβομένου
885 1117 896 1150 ,
925 1071 977 1134 καί
998 1070 1065 1147 περὶ
1080 1067 1196 1144 όνίσεις
1209 1067 1401 1153 ἀσχολουμέ-

301 1197 365 1238 νων
384 1178 448 1238 τῶν
468 1172 544 1239 νάιον
564 1172 595 1236 ἓν
614 1177 659 1260 τῷ
680 1177 743 1237 τῶν
765 1173 918 1254 πολεμίων
938 1171 1154 1260 στρατοπίδῳ,
1182 1170 1265 1248 ίδοξε
1286 1178 1330 1260 τῷ
1351 1171 1401 1236 dni

300 1275 436 1360 θυγατρὶ
463 1281 520 1341 τοῦ
540 1271 730 1340 Ἀποκαόκου
758 1280 889 1362 γαμβρῷ
907 1273 1092 1364 Ἀνδρονίκῳ
1113 1279 1158 1364 τῷ
1179 1271 1398 1362 Παλαιολόηῳ,

303 1374 485 1460 ἀναψίξεάς
500 1404 532 1443 τε
547 1379 643 1442 storea
666 1379 717 1442 ιιαλ
733 1379 908 1464 (μλοτιμίας
920 1375 986 1460 άμα
1001 1373 1251 1460 νεωτεριζοόσης,
1279 1375 1399 1442 άποδυ-
1409 1382 1443 1436 10

302 1481 425 1570 oopdvrp
439 1477 646 1566 διανήξασθαι
661 1486 723 1546 πᾶν
739 1480 775 1546 τὸ
791 1486 847 1546 τοῦ
872 1485 1014 1564 ποταμοῦ
1034 1477 1150 1556 πλάτος
1169 1479 1290 1545 ἐκείνου.
1318 1478 1401 1544 ἀλλὰ

206 1587 373 1672 Ηλὸπρίν
391 1583 487 1668 μίσον
508 1585 654 1668 ὥαβῆναι
674 1589 731 1648 τοῦ
755 1589 897 1668 ποταμοῦ
919 1583 955 1648 τό
970 1579 1096 1670 ῥόθιον,
1123 1579 1221 1669 νάρκη
1234 1583 1290 1647 τινὶ
1304 1584 1402 1666 πεδη-

302 1691 372 1764 θείς
390 1684 449 1753 ῦπδ
469 1683 611 1770 ψύχους,
646 1681 689 1762 ὥς
716 1685 828 1768 ίοιιιεν,
862 1683 964 1773 ὥσπερ
986 1711 1032 1761 τις
1052 1684 1175 1770 ἄψυχος
1197 1683 1330 1772 φόρτος,
1368 1685 1402 1762 ἐς

301 1791 377 1867 rode
393 1796 456 1858 τῶν
469 1787 593 1856 ῦδάτοιν
605 1789 768 1872 πυθμένας
779 1789 884 1875 νεκρὸς
896 1786 1118 1872 κατενήνεκται.
1146 1785 1253 1874 πρώτη
1270 1789 1328 1870 μὲν
1344 1780 1401 1852 οῦν

302 1893 383 1978 αῦτη
402 1894 502 1980 γέγονε
530 1898 666 1978 θραῦσις
684 1889 862 1982 Ἀποκαάκῳ
884 1898 941 1976 τῆς
968 1889 1060 1976 δόξης
1088 1894 1138 1956 καὶ
1159 1889 1225 1974 ἅμα
1254 1889 1444 1974 esposse-15

302 1994 440 2084 φάνησις
451 2003 507 2079 τῆς
523 1996 571 2060 ini
585 1995 626 2060 τὰ
633 1997 726 2081 χείρω
733 2001 909 2079 μεταβολῆς
922 1997 972 2060 καλ
985 1999 1213 2084 καταστροφῆς,
1236 1990 1305 2081 (Ζ.)
1314 1989 1401 2060 Δεό-

298 2123 388 2185 τερον
401 2101 421 2164 δ
425 2098 435 2123 ’
453 2100 500 2162 ἐπὶ
517 2095 618 2186 τοότῳ
632 2095 850 2164 συνεπεπτώκει
864 2105 908 2186 τῷ
918 2094 1099 2187 Ἀποκαόκῳ
1115 2093 1297 2180 δυστόχημα
1316 2091 1398 2162 τόδε.

270 2199 317 2268 Βό
338 2205 487 2284 Γαβαλᾶς
501 2197 661 2283 Ἰωάννης,
689 2203 722 2266 ἐκ
741 2206 864 2266 πολλῶν
881 2199 941 2286 ἤδη
963 2195 1400 2284 σημείωναίσθόμενοςἈπό-

299 2329 415 2370 uacuos
431 2301 717 2389 παραλογιζόμενον,
740 2303 798 2368 κάν
813 2310 857 2393 τῷ
880 2300 1136 2390 παρακροόεσθαί
1154 2327 1220 2378 παις
1239 2297 1400 2367 δεικνόντα

298 2408 336 2473 τό
353 2403 463 2490 ἥκιστα
475 2404 647 2488 βούλεσθαι
669 2405 725 2491 τὴν
741 2407 820 2494 πρὸς
832 2406 927 2472 αὐτόν
940 2413 995 2472 τοῦ
1010 2402 1123 2490 κήδους
1138 2401 1262 2490 ἓγγόην,
1290 2401 1444 2490 stupam

297 2509 436 2598 προσιών
448 2509 541 2596 ’Άννη
552 2506 659 2593 μηνίει
672 2515 712 2596 τῇ
724 2511 878 2593 βασιλίδι,
907 2505 1147 2585 ιδςἍτιόιιαυιιος
1161 2503 1316 2596 μελετῴη,
1340 2532 1401 2589 με-

296 2611 443 2700 τενεγκιδν
464 2615 508 2690 εἰς
525 2611 562 2678 τό
583 2609 696 2678 ἑαυτοῦ
711 2609 859 2700 ηροάριον
871 2611 1002 2695 βασιλέα
1017 2610 1070 2678 τὸν
1084 2610 1139 2677 cdv
1158 2609 1243 2689 υίδν,
1272 2609 1326 2675 διδ
1341 2616 1400 2676 τοῦ

293 2713 487 2804 πατριάρχου
508 2717 650 2796 συζεῦξαι
664 2721 704 2805 τῇ
727 2713 840 2783 ἑαυτοῦ
853 2715 998 2804 θυγατρί.
1022 2714 1122 2802 χρεὼν
1143 2706 1200 2780 οόν
1215 2713 1249 2778 ἐκ
1271 2714 1402 2800 Πειρίν-

294 2946 392 3007 bissum
405 2945 534 3001 voluerint
550 2945 721 3018 inpraesenti
736 2947 862 3002 curriculo
877 2945 1033 3019 periclitari,
1050 2963 1098 3000 neo
1111 2944 1164 3018 ipsi
1177 2943 1294 3016 quidem,
1311 2941 1335 2995 si
1348 2959 1401 2997 un-
1487 2969 1488 3012 η

297 3035 371 3088 quem
390 3017 544 3070 evaserimus
562 3017 725 3088 superiores,
743 3037 788 3071 eos
801 3025 921 3088 quantum
941 3016 967 3068 iu
987 3015 1061 3069 nobis
1079 3015 1130 3068 erit
1143 3014 1222 3084 digne
1240 3012 1402 3066 remunerari

294 3087 462 3156 negligemus.
498 3085 550 3150 Qui
566 3095 651 3140 eutem
667 3087 803 3152 noluerint,
820 3086 853 3138 iis
866 3085 982 3156 equidem
996 3085 1064 3138 haud
1075 3100 1186 3154 unquam
1198 3083 1401 3145 succensemini,

294 3157 441 3210 utrumlibet
456 3154 590 3224 elegerint,
608 3156 664 3208 sive
679 3157 787 3209 hostium
820 3155 934 3209 romissis
948 3153 1047 3207 inducti
1060 3155 1161 3207 trnnsfn
1195 3169 1239 3214 τις
1257 3151 1315 3204 sive
1328 3150 1402 3204 domi

296 3224 416 3278 sedentes
435 3223 494 3276 telis
515 3224 605 3294 procul
619 3225 752 3279 absistere.
812 3228 903 3278 thsec
919 3223 1019 3293 quidem
1037 3223 1075 3276 itu
1089 3238 1118 3274 se
1137 3223 1169 3274 hs
1187 3227 1286 3274 uerunt.
1321 3219 1401 3288 (VI.)

296 3291 361 3346 Cum
380 3293 407 3346 in
422 3291 555 3345 obsidione
572 3293 676 3346 multum
695 3295 817 3364 temporis
832 3301 973 3356 tereretur,
991 3301 1069 3362 etque
1084 3291 1112 3344 in
1125 3291 1233 3344 hostium
1247 3289 1342 3342 cestris
1357 3289 1403 3341 in-

241 3366 248 3380 '
295 3377 375 3444 repes
396 3361 534 3442 retexendo
554 3361 636 3414 snimo
656 3379 760 3432 opernm
780 3363 886 3425 derent;
909 3361 992 3445 pisum
1011 3369 1051 3444 est
1068 3357 1401 3442 Andmnicorslseplogo,

294 3427 1403 3580 ttsttttttrttttiff‘stttitt„titiiittuttftditi'tua

294 3571 379 3638 patet,
395 3571 537 3618 transnare.
570 3565 624 3619 Sed
636 3575 694 3620 ente
713 3585 770 3620 uem
786 3577 933 3639 superesset
945 3567 1040 3622 medios
1052 3567 1126 3619 fluvii
1140 3575 1262 3628 vortrces,
1278 3564 1404 3616 membris

294 3641 400 3704 torpore
413 3635 521 3704 quodem
536 3649 568 3687 ex
580 3635 679 3706 frigore
695 3586 740 3705 int
752 3636 868 3708 videtur)
885 3638 1012 3708 alligetis,
1030 3636 1106 3720 possi
1116 3635 1280 3688 inanimatum
1292 3632 1403 3701 aliquod

292 3703 409 3826 pondus,
427 3709 539 3757 mortuus
553 3703 578 3756 in
598 3705 649 3758 ime
665 3723 787 3776 equorum
802 3706 902 3760 deletus
917 3715 965 3759 est.
999 3707 1110 3759 annm
1127 3705 1176 3758 hoo
1192 3701 1244 3755 fuit
1256 3703 1403 3772 Apoceuco

307 3780 414 3826 ortunae
429 3772 533 3838 vuinus,
552 3771 708 3844 primumque
721 3775 783 3828 iliud
798 3775 958 3846 praesagium
975 3775 1092 3838 exstitit,
1110 3789 1160 3844 quo
1178 3777 1300 3824 mutatum
1317 3771 1352 3822 iri
1371 3769 1403 3822 in

293 3839 368 3914 peius
380 3847 407 3894 et
418 3841 533 3894 funditus
548 3859 666 3896 eversum
681 3843 714 3896 iri
726 3843 793 3898 illius
806 3846 932 3898 fumonem
950 3861 982 3915 sp
1001 3845 1106 3897 eruerit.
1142 3841 1230 3912 (vn.)
1247 3840 1301 3892 Sed
1316 3845 1345 3890 et
1359 3839 1405 3892 si-

293 3917 377 3964 terum
395 3909 459 3962 illud
476 3917 613 3980 practerea
624 3912 788 3966 infortunium
802 3913 826 3967 ei
842 3914 945 3978 eccidit.
980 3863 1089 3968 ioannes
1102 3910 1227 3972 Gebelss,
1245 3907 1331 3961 multis
1344 3907 1404 3962 ism

293 3979 452 4048 argumentis
466 3995 522 4032 cum
536 3981 706 4050 persensisset
719 3981 834 4036 cavillari
842 3979 1023 4068 ‘Apomucum
1041 3983 1083 4053 qui
1101 3977 1255 4034 ludificando
1274 3977 1406 4030 ostende-
1485 4025 1486 4050 ἶ

293 4057 336 4102 ret
353 4047 432 4115 setis,
450 4047 551 4103 minime
562 4051 629 4104 reiis
643 4067 672 4104 se
690 4051 767 4105 tiliam
782 4069 851 4106 susm
866 4053 910 4105 rsti
925 4052 1092 4122 desponssm3
1109 4045 1250 4104 clencrssum
1263 4046 1296 4099 sd
1310 4045 1404 4116 impe-

177 4169 183 4182 ,
293 4118 414 4172 ratricem
427 4120 524 4170 Annam
538 4119 638 4174 secedit
654 4120 849 4189 siqueindicet,
867 4121 962 4174 hebere
981 4121 1291 4192 insnimoApocoucum,
1309 4120 1406 4168 τιται-
1485 4131 1486 4150 ι

292 4185 362 4240 ferre
380 4186 407 4240 in
427 4187 556 4272 proprium
576 4205 660 4242 urcem
681 4187 755 4243 huius
775 4191 853 4244 tilium
870 4190 903 4242 im
923 4195 1063 4253 craterem,
1088 4195 1167 4258 utque
1184 4186 1209 4238 ei
1225 4183 1305 4237 filium
1323 4199 1405 4237 sum
1485 4191 1486 4248 i

292 4257 456 4325 petrisrohse
471 4263 617 4314 mtcneror
636 4275 741 4314 uxorem
754 4259 826 4318 dere.
859 4296 879 4326 „
915 4277 1001 4314 ecesse
1016 4258 1160 4329 estitsque
1177 4253 1301 4326 (inquit),
1318 4259 1349 4308 nt
1365 4253 1407 4308 il·
1485 4249 1486 4316 i
