3034 4828
229 316 306 395 592
535 325 769 397 NIOEPHORI
789 325 1029 396 GREGORAE

71 509 100 559 A.
115 490 381 564 ιιι6849τάναντία
402 490 482 556 κατὰ
501 490 556 558 τόν
577 491 671 560 αάτδν
683 487 797 581 χρόνον
818 493 849 560 ἐν
870 498 914 582 τῷ
937 491 1021 582 αύτῷ
1041 490 1182 579 γενέσθαι
1204 489 1325 564 ἀποκει-

86 579 186 632 ’ῘΜ
230 595 312 684 μίυφ
338 601 401 661 τῶν
427 591 593 679 ἀμηχάνων
617 593 696 661 εἷναί
720 620 808 686 φασι.
845 593 958 662 τούτου
986 595 1019 662 δ’
1054 593 1153 671 οὕτως
1190 593 1323 680 ἔχοντος,
1374 629 1377 640 ⁴

232 698 290 782 οάχ
310 695 373 785 δρῶ
396 698 443 774 τίς
467 697 506 763 ἀν
530 699 599 782 ἐμοὶ
620 699 736 784 γένοιτο
756 698 878 784 μηχανὴ
885 747 896 780 ,
928 697 949 783 ῆ
973 699 1150 785 μεριζομένη
1170 699 1248 786 πρός
1267 697 1324 766 δύο

229 798 461 870 τάναντιώτατα
494 801 657 888 παρέχοιτο
674 804 771 892 ’δρῆν
795 803 946 890 ἀσφαλῶς
967 801 987 867 ἀ
1008 803 1260 890 προκεχείρισμαι.
1286 801 1324 868 τό

160 906 164 914 ’
230 905 288 990 μέυ
309 903 369 990 γάρ
399 910 461 970 τῶν
480 911 590 970 κοινῶν
607 911 807 990 προνοεῖσθαι
825 902 1014 991 πραγμάτων
1041 901 1185 972 ἀπάντων
1211 905 1265 970 ἕνα
1285 911 1351 988 seso

201 1007 307 1076 Βόντα
323 1005 434 1088 αάτόν,
461 1010 513 1072 καί
531 1004 655 1074 πάντων
672 1009 880 1090 ἐπιμελεῖσθαι
900 1013 962 1074 τῶν
975 1004 1157 1074 ὑπεικόντων
1180 1014 1219 1094 τῆ
1233 1015 1327 1092 βασι-

230 1113 297 1202 λείᾳ
315 1107 493 1197 ἀνθρώπων
513 1111 558 1196 μῆ
576 1109 691 1202 ῥηιδίως
704 1107 765 1176 ind
780 1117 842 1178 τῶν
856 1113 1009 1194 πολεμίων
1020 1107 1236 1194 βλάπτεσθαι,
1263 1115 1327 1176 πά-

231 1237 292 1280 σαν
312 1213 388 1279 ἐλκιι
409 1214 487 1300 πρός
504 1211 596 1279 ἔαυτδ
616 1211 773 1296 διάνοιαν,
803 1216 853 1278 καὶ
876 1220 979 1280 πᾶσαν
1000 1220 1152 1300 λογισμῶν
1163 1209 1328 1278 δποτάττει

229 1319 400 1405 φροντίδα·
427 1316 463 1382 τό
486 1316 519 1384 δ’
544 1316 650 1392 αδτοῖς
670 1317 810 1396 ἐκείνοις,
838 1306 881 1380 ὧν
905 1313 1126 1402 προνενύημαι,
1154 1313 1329 1399 ἐπιβούλοις

229 1425 401 1504 κεχρῆσθαι
423 1419 502 1484 κατά
522 1426 580 1502 τῆς
602 1421 738 1502 ἐμαυτοῦ
768 1421 863 1502 ζωῆς,
895 1425 989 1484 τούτο
1018 1420 1053 1483 δὲ
1073 1415 1266 1502 παγχάλεπον
1288 1418 1326 1484 όν
1336 1433 1370 1490 10

230 1517 389 1607 ἀναγκάζει
409 1519 534 1587 πάντων
556 1517 737 1588 ἀποστάντα
759 1546 797 1605 με
819 1525 882 1586 τῶν
909 1519 1011 1586 ἀλλων
1033 1523 1207 1607 φροντίδων
1232 1517 1331 1604 μάνης

229 1631 287 1708 τῆς
309 1626 443 1707 ἐμαυτοῦ
468 1627 547 1709 ζωῆς
568 1631 787 1712 προνοεῖσθαι,
821 1625 873 1688 καλ
890 1623 948 1708 τὴν
969 1625 1081 1688 οἰκείαν
1104 1620 1275 1711 ἀσφάλειαν
1295 1624 1328 1688 ἐκ

202 1725 348 1802 Επαντός
367 1726 642 1814 πραγματεύεσθαι
661 1725 788 1816 τρόπου.
814 1723 927 1793 τούτου
949 1727 983 1792 δὲ
1003 1725 1061 1810 τῆν
1082 1722 1251 1812 διόρθωσιν
1267 1725 1329 1808 ἀμ-

229 1841 302 1918 φοῖν
321 1827 394 1914 ύμῖν
418 1831 614 1919 ἀνηρτῆσθαι
636 1834 745 1918 ἐχρῆν,
773 1833 800 1896 εί
822 1829 862 1894 τά
875 1831 978 1895 δίκαια
993 1827 1137 1916 πράττειν
1149 1826 1326 1910 ἐβούλεσθε,

230 1929 277 2008 οἷς
289 1933 381 2018 χρέος
402 1932 485 2000 ἀπαν
503 1935 636 2019 ἀνῆπται
656 1939 732 2000 πᾶσι
746 1929 872 2020 τρόποις
887 1933 1061 2017 ἐπείγεσθαι
1082 1931 1262 2017 ἀποτρέπειν
1276 1933 1327 1996 καὶ
1338 1941 1371 2018 ,15

228 2031 428 2116 ἀποκόπτειν,
458 2035 513 2102 εἷ’τι
534 2063 595 2104 που
615 2033 747 2124 κατότι
769 2041 833 2100 τῶν
848 2041 906 2118 τῆς
926 2037 1085 2118 βασιλείας
1105 2031 1185 2118 δμοῦ
1207 2036 1258 2098 καλ
1272 2039 1329 2117 τῆς

228 2137 389 2222 ἐκκλησίας
401 2135 572 2228 δαυφόοιτο
589 2141 696 2216 κακίας
712 2136 897 2222 βλάστημα,
925 2137 944 2204 ὃ
967 2143 1145 2220 λυμανεῖται
1158 2143 1329 2224 προβαῖνον

228 2243 272 2316 είς
299 2239 427 2325 αύξησιν
452 2246 503 2308 καὶ
531 2242 614 2309 ἅπαν
635 2242 735 2328 ἀρδην
757 2242 884 2328 ἀφανιεῖ
904 2239 939 2306 τό
962 2237 1075 2327 κράτος
1091 2240 1217 2326 ἀμφοῖν.
1243 2236 1330 2322 όμεῖς

229 2344 265 2408 δέ
282 2351 458 2430 μοχθηροῖς
477 2343 609 2433 ἀνδράσι
626 2343 733 2430 λάθρα
762 2347 814 2411 καλ
838 2343 936 2430 συχνδ
964 2339 1243 2428 κοινολογούμενοι,
1278 2343 1330 2408 καί

201 2455 297 2521 λ’τσῖς
320 2446 422 2512 αὐτῶν
443 2447 632 2535 παραλόγοις
651 2445 791 2532 ἑπόμενοι
811 2444 928 2532 λόγοις,
962 2451 1002 2532 τῇ
1024 2445 1169 2536 ἀριστερᾷ
1180 2447 1260 2532 χειρὶ
1272 2443 1372 2528 τῆνω

228 2548 330 2625 δεξιάν
352 2547 535 2617 ἀποκόπτειν
561 2551 763 2638 ἐπειγομένοις
795 2545 913 2625 ἐκόντες
943 2549 1068 2638 ἐσίκμτε.
1103 2547 1205 2614 ἴπειτα
1229 2551 1257 2612 εί
1271 2549 1329 2632 μὲν

228 2652 305 2732 ἐμοῦ
327 2651 385 2736 τῆν
402 2654 509 2738 ψυχὴν
531 2651 644 2741 ἐξάγειν
666 2659 722 2719 tori
750 2649 895 2736 σώματος
914 2661 981 2728 ταῖς
999 2649 1172 2735 ἐπιβούλοις
1190 2643 1230 2734 ῆν
1252 2649 1330 2737 πρὸς

226 2751 405 2838 βουλήσεως
426 2754 545 2840 μόνον,
579 2760 631 2824 καλ
654 2755 698 2840 μῆ
719 2755 799 2821 κατά
822 2754 937 2831 παντὸς
952 2752 1075 2842 ἐχάρει,
1103 2760 1166 2820 τῶν
1182 2777 1216 2818 τε
1231 2755 1330 2840 φίλων

228 2857 358 2924 κολιῶν
379 2856 526 2944 ἐκγόνων,
561 2859 598 2927 τό
617 2865 676 2946 τῆς
690 2865 779 2947 σφῶν
794 2857 951 2935 ἀναιδείας
967 2861 1074 2946 ξίφος,
1107 2855 1182 2934 ἴσως
1194 2856 1250 2941 μὲν
1265 2857 1330 2922 ἐσί-

295 2987 339 3042 2³.
354 2985 468 3045 πάντων
484 2989 552 3044 coni.
565 2989 642 3044 Bois.

227 3089 378 3144 stantissimi
393 3093 624 3148 contrariasodem
636 3097 753 3164 tempore
767 3091 849 3146 eidem
865 3091 905 3146 rei
922 3097 1019 3176 negent
1032 3093 1117 3146 inesse
1138 3107 1222 3162 posse.
1252 3087 1330 3153 Quod
1436 3107 1439 3114 ¹

225 3175 282 3212 cum
296 3159 334 3212 its
346 3162 397 3226 sit,
415 3179 465 3215 non
479 3163 555 3215 video
568 3179 692 3233 quaenam
709 3179 726 3215 s
740 3179 780 3215 me
794 3161 876 3233 possit
889 3164 1004 3215 machine
1017 3160 1148 3224 adhiberi,
1166 3177 1218 3229 qus
1230 3159 1329 3211 duabus

223 3230 302 3280 rebus
319 3230 404 3299 iisque
423 3231 530 3284 maxime
549 3233 687 3284 contrariis
712 3231 797 3283 divise
820 3231 967 3283 cautissime
983 3231 1077 3300 possim
1093 3245 1139 3282 exs
1173 3229 1200 3280 ui
1216 3243 1248 3280 es
1263 3243 1330 3296 quoe

224 3297 338 3348 decrevi.
375 3299 443 3352 Nam
463 3307 490 3351 et
509 3300 559 3351 toti
580 3301 697 3368 publices
719 3301 757 3352 rei
780 3317 856 3352 unum
879 3317 919 3352 me
937 3299 1102 3368 prospicere,
1118 3305 1146 3349 et
1175 3295 1329 3359 comnibus,

223 3367 270 3434 qui
286 3367 346 3418 huic
359 3367 466 3435 imperio
487 3369 598 3422 subiecti
619 3377 693 3432 eunt,
711 3367 847 3420 sollicitum
860 3385 933 3432 esse,
950 3383 984 3419 ne
997 3367 1059 3435 quid
1071 3365 1217 3417 detrimenti
1232 3373 1329 3416 temere

225 3433 259 3484 sb
275 3433 392 3487 hostibus
407 3435 552 3504 accipient,
569 3437 596 3488 id
610 3438 711 3506 quidem
729 3453 817 3488 omnes
833 3436 914 3488 trehit
930 3435 963 3488 sd
984 3451 1013 3485 se
1032 3434 1109 3486 enimi
1121 3449 1223 3498 nervos,
1241 3449 1329 3486 omnes

225 3501 343 3554 vindicet
359 3505 531 3573 cogitationes
544 3513 571 3558 et
588 3523 674 3558 cures.
708 3507 744 3559 nt
760 3522 805 3558 eos
824 3505 895 3573 ipsos
911 3505 982 3556 vitoe
998 3519 1071 3555 meae
1085 3501 1217 3566 insidiari,
1235 3501 1329 3572 quibus

226 3569 347 3635 consulo,
366 3571 393 3622 id
408 3591 470 3626 vero
483 3575 662 3644 gravissimum
675 3591 731 3626 cum
746 3573 795 3637 sit,
811 3571 884 3640 cogit
894 3589 934 3625 me
948 3571 1016 3623 omni
1030 3571 1082 3623 alis
1096 3587 1159 3624 oure
1171 3572 1273 3625 abiecte
1284 3569 1329 3622 uni

197 3677 199 3682 .
225 3637 363 3708 providere
377 3641 453 3694 ssiuti
464 3659 551 3708 moue,
568 3652 596 3698 et
609 3659 709 3714 quoquo
728 3641 801 3694 modo
814 3659 908 3711 perure
920 3640 981 3709 mihi
996 3640 1168 3694 securitatem.
1203 3641 1269 3693 Eius
1280 3655 1329 3692 ou-

225 3713 277 3760 tern
289 3709 329 3760 rei
342 3711 540 3766 emendationem
554 3713 674 3768 ambobus
689 3711 763 3764 vobis
777 3710 924 3764 incumbere
941 3711 1092 3778 oportebat,
1109 3709 1206 3778 siquos
1220 3725 1328 3779 aequum

225 3783 283 3828 ernt
301 3795 333 3829 es
350 3779 438 3832 iecere
451 3781 613 3846 voluissetis3
635 3781 710 3834 vobis
729 3777 847 3846 inquom,
863 3778 896 3831 sd
913 3795 976 3848 quos
994 3795 1025 3832 se
1043 3777 1123 3832 omnis
1138 3795 1202 3831 curs
1217 3783 1329 3848 spectet,

226 3861 421 3912 quorumomne
435 3849 545 3901 studium
559 3849 586 3902 in
601 3867 632 3902 eo
647 3847 707 3918 poni
720 3848 815 3912 debet,
834 3856 864 3900 ut
878 3848 1004 3900 avertetis
1017 3865 1048 3900 sc
1061 3847 1233 3918 prsecidstis,
1251 3846 1330 3916 quid·

226 3913 289 3983 quid
303 3915 331 3967 in
345 3915 477 3988 imperinm
492 3917 607 3970 simulet
626 3915 759 3970 ecclesiam
779 3916 938 3970 succreverit
950 3917 1072 3986 germinis
1084 3917 1153 3980 mcii,
1170 3933 1221 3986 quo
1233 3916 1260 3968 io
1273 3914 1328 3967 dies

222 3991 380 4050 augescente
395 3985 525 4054 corrumpi
539 3985 621 4055 possit
635 3991 716 4054 utque
733 3985 833 4040 omnino
845 3985 927 4040 deleri
940 3985 1075 4055 utriusque
1087 3985 1223 4055 potestatis
1239 3983 1327 4037 robur.

222 4052 325 4116 Atros,
342 4071 399 4106 cum
411 4053 535 4122 improbis
548 4053 691 4107 hominibus
705 4053 768 4108 clem
784 4063 812 4107 et
824 4056 917 4108 crebro
932 4053 1117 4124 colloquentes,
1135 4071 1273 4122 eorumque
1288 4053 1328 4104 in·

221 4119 290 4172 senis
304 4121 405 4174 inducti
419 4122 598 4188 suasionibus,
614 4121 648 4174 iis
662 4121 729 4175 uitro
743 4123 926 4186 assimilamini,
944 4123 990 4192 qui
1003 4123 1109 4176 sinistre
1123 4139 1196 4176 msnu
1211 4123 1328 4174 dextrum

221 4197 354 4255 amputare
371 4189 499 4244 studcent.
533 4187 587 4244 ism
601 4208 681 4256 vero,
699 4190 723 4244 si
737 4193 844 4246 enimam
862 4193 925 4245 mihi
942 4192 985 4243 oni
997 4193 1099 4261 eripere
1112 4191 1208 4244 velient
1221 4189 1329 4243 insidie-

111 4312 116 4328 Ι
220 4259 292 4336 τοττι
306 4257 371 4321 mei,
389 4275 437 4312 nec
450 4273 537 4312 eorum
548 4258 760 4314 insolentissimus
776 4261 878 4332 gladius
895 4261 1044 4331 peromioos
1059 4277 1155 4323 omnes,
1169 4277 1217 4329 per
1230 4275 1328 4310 omnem

221 4329 328 4396 stupens
347 4333 416 4383 essct
424 4345 602 4401 percursus,
619 4329 748 4403 quiessem
762 4347 812 4402 ego
832 4332 958 4396 tomos,
984 4330 1096 4386 fortusse
1111 4329 1189 4386 etism
1203 4345 1254 4384 oon
1270 4326 1328 4398 qui-
