3016 4824
402 341 404 348 ’
482 339 832 409 ANNOTATIONES.
1008 399 1020 415 ,
1113 333 1211 406 1299

82 499 120 560 ab
136 499 198 560 illie
210 499 323 575 lactns3
346 517 516 578 quanquam
529 497 620 558 iidem
636 507 756 578 postea,
778 499 842 558 eius
865 497 1043 559 testimoniis
1063 499 1099 559 ed
1125 519 1213 560 auum

83 607 201 646 sensum
229 584 471 659 accommodatis,
498 582 580 646 mitia
603 583 743 644 laudibus
768 585 864 662 ipsum
885 586 1065 645 ornaverint.
1109 589 1215 646 Exstat

85 673 165 752 apud
185 671 347 748 Gregoram
362 670 392 728 in
414 669 491 730 libro
507 669 640 729 nondum
663 670 743 729 edito
759 665 847 754 (Cod.
862 671 933 748 Reg.
950 671 1044 736 2952.
1059 672 1110 731 tol.
1129 669 1215 751 157.)

84 756 184 835 gravis
197 756 318 834 querela
331 754 368 814 de
383 755 525 814 Palamite
540 755 666 834 quodam
675 799 684 831 ,
706 754 759 834 qui
781 755 818 814 de
832 754 991 815 Theodoro
1009 757 1123 836 Grapto
1136 766 1165 816 et
1178 757 1217 814 de

85 842 150 902 eius
167 839 251 900 libris
263 861 323 900 non
340 839 411 900 satis
423 850 595 901 reverenter
612 841 794 919 loqueretur.
836 839 938 922 quue
951 843 1027 900 enim
1049 842 1219 920 (inquiebat

87 929 225 986 Palamae
246 929 388 1001 sectator)
417 927 497 986 novit
519 923 604 986 illum
622 923 770 987 ecclesio?
793 923 867 1003 Quis
880 941 1043 986 nostrorum
1058 925 1140 986 illins
1159 949 1219 985 un·

85 1032 175 1096 quom
196 1007 352 1071 meminit?
380 1011 455 1070 Tum
477 1010 620 1087 addebat,
642 1031 829 1092 quaecunque
846 1013 874 1069 is
888 1024 990 1069 contra
1007 1009 1222 1071 iconomachos

85 1098 199 1174 scripto
213 1095 408 1173 composuisse
423 1093 573 1172 diceretur,
596 1118 629 1154 ec
643 1094 788 1155 erroribus
798 1095 980 1175 gravissimis
990 1111 1108 1156 scatere.
1133 1091 1223 1173 Quod

87 1183 115 1242 si
130 1177 186 1238 clii
200 1181 332 1261 quipiam
346 1177 488 1241 nonnulla
502 1183 728 1242 interseruissem
746 1182 846 1258 spuria
863 1194 889 1236 et
912 1183 1113 1258 supposititia,
1135 1195 1163 1239 et
1185 1182 1223 1239 iia

88 1287 193 1324 nomen
210 1260 294 1324 tilius
318 1265 546 1344 inscripsissent,
577 1269 672 1345 ipsum
695 1263 810 1347 quidem
830 1263 1052 1343 irreprehensum
1071 1263 1223 1350 saturum,

89 1371 150 1408 non
163 1351 231 1408 item
243 1349 304 1407 eius
318 1346 429 1410 libros:
450 1351 494 1408 sin
510 1372 544 1408 ea
558 1351 618 1409 eins
629 1366 719 1410 essent
733 1351 828 1430 reipsa
842 1363 868 1406 et
884 1345 1064 1424 indubitate,
1086 1352 1144 1416 iam
1161 1371 1225 1408 eum

90 1429 182 1493 simul
200 1455 264 1494 cum
282 1430 367 1492 libris
381 1432 582 1508 reiiciendum,
603 1449 631 1493 et
648 1437 679 1492 in
695 1433 902 1495 haereticoram
918 1455 1034 1494 numero
1050 1432 1226 1515 ponendum.

89 1518 175 1578 Haec
186 1518 331 1576 Palamita
345 1517 413 1592 ills,
435 1517 466 1577 in
480 1539 569 1598 quem
585 1520 731 1598 Gregoraa
744 1519 863 1578 acribus
876 1517 978 1578 verbis
994 1517 1165 1591 invehitur,
1187 1519 1227 1578 ed

92 1605 332 1676 Cantacuzenum
352 1603 452 1683 ipsum
469 1625 642 1667 conversus.
686 1603 811 1686 Ecquem
838 1601 899 1678 Tu,
920 1602 1035 1681 inquit,
1057 1601 1228 1664 huncdere-
1292 1653 1301 1670 .

39 1740 46 1748 .
89 1703 176 1770 pente
189 1690 220 1746 in
240 1701 375 1747 sanctum
393 1685 477 1747 illum
495 1687 611 1748 Putrem
627 1692 839 1770 sapientemque
852 1684 998 1746 doctorem
1011 1709 1110 1747 armas
1123 1709 1229 1746 nouum

91 1769 327 1848 Archilochum,
349 1793 386 1832 cc
399 1775 498 1852 potius
510 1772 689 1834 Archilochi
700 1769 842 1834 simiam?
863 1813 904 1834 ...
929 1769 988 1833 Gur
1001 1771 1073 1832 hacc
1081 1783 1231 1852 praesente

92 1873 123 1916 te
142 1856 354 1917 abiectissimus
360 1854 808 1938 furibundusquehomunculns
828 1853 979 1917 evomuit?
1000 1867 1058 1918 etc.
1100 1857 1187 1931 (Vide
1203 1863 1233 1914 et

94 1951 234 2001 annotata
252 1942 328 1999 inira
345 1943 382 1999 ad
396 1961 463 2020 pag.
483 1947 554 2008 598.
569 1943 616 2022 F.)
657 1945 723 2003 Non
738 1943 845 2002 mirum
859 1941 961 2020 itaque
974 1941 1108 2000 homines
1121 1943 1234 2020 impro-

93 2028 167 2101 bos,
198 2027 301 2103 quales
330 2025 374 2085 illi
395 2027 536 2088 videntur
563 2027 672 2104 fuisse,
699 2027 931 2086 vetustissimum
943 2027 1095 2086 Codicem
1121 2035 1233 2100 nectos,

96 2113 148 2172 cui
164 2112 295 2170 auctoris
315 2132 422 2171 nomen
439 2131 499 2170 non
518 2122 594 2171 esset
609 2112 787 2192 iaeseriptum
796 2159 806 2186 ,
827 2132 935 2170 nornen
955 2111 1128 2192 praefixisse
1147 2110 1234 2186 illud,

97 2197 182 2276 quod
197 2197 415 2256 arbitrarentur
428 2199 628 2277 contemptius
643 2199 859 2276 obscuriusque
869 2217 942 2272 esse,
965 2218 1053 2276 quam
1069 2206 1236 2272 utmagnus

98 2291 204 2342 contra
224 2303 273 2340 eos
290 2283 475 2342 auctoritatis
491 2303 554 2342 esse
567 2293 678 2363 posset.
710 2283 750 2342 Ut
765 2293 799 2342 ut
812 2283 862 2359 sit,
884 2283 1072 2343 manifestum
1090 2291 1169 2342 certe
1182 2291 1237 2354 est,

96 2366 312 2450 interpolatum
335 2368 427 2428 luisse
444 2368 563 2428 Codicis
583 2368 780 2446 antiquissimi
798 2369 938 2442 titulum,
960 2368 1151 2446 additumque
1175 2387 1240 2426 ease

98 2453 263 2514 recentiori
282 2473 380 2529 manu,
400 2461 434 2509 ut
449 2451 595 2526 diximus,
617 2473 680 2512 eam
701 2453 818 2526 lineam,
837 2453 869 2510 in
884 2473 942 2529 que
962 2453 1113 2511 Theodori
1133 2451 1241 2529 Grapti

100 2559 210 2600 nornen
225 2539 347 2612 legitur.
391 2537 533 2614 Superest
555 2536 613 2594 iam
630 2547 665 2594 ut
687 2535 893 2604 ostendemus,
916 2537 1080 2610 librorum,
1101 2557 1136 2594 eo
1154 2536 1242 2593 volu·

100 2623 182 2685 mine
209 2619 512 2698 comprehensorum,
542 2631 694 2680 auctorem
725 2641 787 2680 ease
807 2619 1007 2699 patriercham
1027 2619 1241 2698 Nicephorum.
1308 2611 1312 2632 '

102 2709 204 2769 Primo
221 2715 338 2764 constat
352 2704 555 2784 Nicephorum
577 2706 667 2764 multa
688 2726 745 2786 pro
767 2703 942 2782 imaginibus
965 2715 1069 2764 contra
1088 2706 1242 2764 iconoma-

104 2791 180 2853 chos
204 2791 294 2850 variis
316 2790 500 2870 temporibus
522 2789 632 2868 scripta
662 2789 801 2850 edidisse.
845 2789 975 2866 lgrratius
998 2792 1163 2864 Diaconus,
1192 2787 1244 2868 qui

105 2879 168 2940 elus
185 2877 276 2936 vitam
290 2876 420 2956 scripsit,
443 2895 509 2936 eum
525 2876 566 2935 ait
578 2877 730 2954 aliquanto
743 2885 810 2954 post
824 2875 982 2934 Nicaenam
997 2875 1149 2956 Synodum
1177 2895 1244 2933 oum

106 2971 186 3025 esset
219 2961 317 3023 adhuc
337 2963 449 3036 laicus,
477 2961 506 3019 in
529 2960 600 3020 fidei
621 2961 722 3021 hostes
742 2961 950 3023 insurrexisse.
971 2955 1109 3041 sdrahel,
1137 2921 1246 3040 eliquit,
1328 2956 1332 2964 ’

106 3048 158 3114 sol
174 3043 193 3110 ὅ
206 3046 296 3130 μέγας
308 3041 507 3127 Νικηφόρος,
527 3043 563 3108 rei
581 3048 668 3128 νίκης
683 3043 896 3128 ἐπιφερόμενος
910 3041 1074 3128 aripennes,
1096 3043 1170 3107 neth
1186 3050 1247 3106 scir

107 3137 162 3214 τῆς
182 3135 310 3208 πίστεως
336 3127 507 3195 dmentem
529 3125 618 3213 τορὸν
648 3156 677 3194 τι
704 3131 757 3194 nal
785 3125 925 3194 ἐνυάλιον
947 3125 1125 3213 ἀνεκρούετο
1151 3129 1248 3210 adhoc,

108 3213 243 3300 Χριστὸν
277 3215 355 3280 εἶναι
386 3211 584 3296 πιστούμενος
612 3211 831 3298 α’περίγροπτον
860 3211 935 3279 sosoi
963 3213 995 3280 sd
1017 3220 1073 3295 τῆς
1093 3213 1250 3296 θεότητος,

111 3303 231 3366 α’πλοῦν
261 3303 313 3366 ani
335 3297 508 3380 α’νέπαφον·
547 3299 746 3384 περιγραπτδν
773 3300 806 3364 dl
826 3301 877 3364 sal
897 3297 1027 3384 γραπτὸν
1047 3297 1121 3363 sarci
1141 3298 1175 3364 sd
1196 3305 1251 3381 τῆς

111 3382 359 3469 οἶνθρωπὸτητος,
388 3381 482 3450 eineder
502 3411 533 3449 τε
555 3387 606 3448 καὶ
630 3383 798 3464 σύνθετον,
833 3381 880 3460 οἷς
898 3385 932 3449 mi
956 3387 1155 3460 εἰκονίζεσθοι
1178 3387 1251 3462 ἆρο-

112 3468 209 3554 ρότως
230 3467 484 3553 ἐποπολουθήοοτ.
530 3471 646 3546 Quibus
661 3473 765 3552 Ignatii
783 3472 885 3533 verbis
903 3472 1029 3532 indicari
1046 3481 1120 3551 puto
1134 3467 1252 3552 Apolo-

110 3561 193 3640 giom
206 3583 261 3640 pro
279 3557 358 3620 Fide.
404 3559 438 3618 ln
455 3558 604 3638 Synodion
620 3559 754 3638 Epistola
775 3559 972 3618 Orientalium
988 3558 1025 3617 ed
1044 3559 1253 3638 imperatorem

113 3645 316 3724 Theophilum
345 3654 527 3704 memoratur
552 3645 627 3704 liber
649 3655 753 3703 cotetra
779 3643 889 3704 Christi
922 3643 1078 3722 imaginem
1103 3665 1118 3702 a
1144 3644 1255 3702 loarme

115 3731 287 3808 Anagnoste
314 3731 428 3806 editus,
463 3728 604 3806 idemque
628 3751 644 3788 a
667 3728 837 3808 Nicephoro
856 3730 1013 3791 refutatus.
1056 3726 1255 3808 Theophanes

118 3817 278 3875 Coniesaor
307 3817 452 3892 integram
478 3815 515 3874 de
543 3815 725 3896 copronymi
748 3815 833 3874 obitu
854 3815 1070 3890 narrationem,
1102 3833 1139 3873 ex
1166 3812 1256 3872 tertio

119 3909 222 3958 contra
253 3903 444 3962 hlammonam
466 3900 668 3960 Antirrhetico
692 3901 880 3974 translatam,
911 3899 1060 3959 Chronico
1091 3919 1146 3956 suo
1175 3897 1257 3955 inse-

118 3986 198 4058 ruit;
221 3995 311 4064 atque
327 3987 390 4046 eius
412 3986 587 4046 narrationis
605 3995 710 4044 auctor
723 3986 754 4044 in
769 3984 880 4044 Codice
895 3987 1060 4065 loyeuseno
1073 3979 1259 4059 Nicephorua

118 4069 289 4147 patriarche
315 4071 481 4147 indicatur,
517 4081 594 4132 teste
614 4071 747 4130 Petavio.
793 4069 868 4129 Vide
894 4072 1076 4144 fragmenta,
1106 4066 1260 4124 Breviario

120 4155 271 4214 Chronico
294 4155 459 4236 Nicephori
478 4156 666 4235 patriarchae
688 4156 861 4230 subiuncta,
883 4155 1013 4215 Editiou.
1043 4155 1143 4212 Peter.
1187 4153 1260 4208 Cum

28 4275 32 4284 ι
121 4239 232 4300 Codice
258 4241 422 4321 loyeusano
449 4243 597 4302 consentit
621 4241 748 4302 Michaal
771 4242 898 4320 Glycas,
928 4239 1087 4298 Annalium
1111 4245 1197 4318 perte
1225 4235 1262 4295 ll.

123 4347 190 4406 pag.
216 4331 286 4393 137.
316 4327 395 4390 uait.
419 4329 491 4406 lleg.
509 4327 560 4388 ubi
579 4337 720 4410 excerpta
740 4325 925 4390 exsecando
948 4335 1054 4386 contra
1069 4325 1263 4385 Mammosam
