3064 4828
271 270 347 344 824
605 279 841 352 NICEPHORI
862 281 1103 353 GREGORAE

109 457 136 510 t.
150 455 184 508 ll.
199 447 323 512 essarta
343 451 406 512 τῶν
426 444 643 532 πραττομένων
664 445 705 512 rel
725 445 814 531 τέλη·
845 444 1030 530 ἀνηκέστους
1056 445 1090 512 δὲ
1111 446 1162 512 καλ
1184 443 1368 520 δυσέλπιδας

152 525 202 576 lud.
213 527 226 578 1

268 555 386 634 μᾶλλον
408 548 465 623 τὰς
483 548 562 631 μετὰ
583 549 637 615 τόν
659 551 728 632 βίον
750 549 927 634 καταγωγὰς
939 547 1111 638 άπαντᾷν.”
1145 545 1213 636 (ς’.)
1234 545 1319 631 ’Άρτι
1334 547 1370 612 δέ

270 655 321 719 καλ
335 652 393 736 τὴν
407 651 611 735 ἀντικειμένην
625 654 759 739 φατρίαν
774 649 933 730 ’ξυνενόουν
949 652 1118 737 ἐγκειμένου
1131 649 1294 736 ἑτέρωθεν,
1309 645 1368 713 λά-

269 762 337 841 θρα
356 780 389 820 τε
412 757 462 820 καλ
480 761 646 842 προφανῶς
670 754 765 820 alieba
788 756 1003 842 διεγείροντος,
1026 755 1145 840 έξορέας
1164 779 1203 835 με
1217 751 1367 842 δρᾷντὴν

269 859 416 942 ταχίστην
427 853 612 924 ὑπεύθυνον.
638 859 791 928 ἐδεδίεσαν
803 857 881 944 γάρ,
906 855 1001 939 οἶμαι,
1024 857 1068 940 μὴ
1081 863 1126 946 τρλ
1145 862 1199 922 τοῦ
1214 851 1391 940 ἧμετέρουε

270 957 361 1044 ζήλου
374 962 458 1046 πυρὶ,
481 957 623 1047 καθάπερ
645 963 786 1049 σέδηρος,
809 960 873 1044 ὀψέ
892 985 965 1026 ποτε
982 961 1157 1043 μαλαχθεὶς
1178 957 1367 1026 εὐπαθέστε-

240 1077 325 1150 ῡρος
342 1062 463 1148 γένηται
489 1061 568 1148 πρός
584 1063 694 1143 πειθολ,
720 1067 771 1152 καλ
790 1061 864 1148 ὅλην
887 1063 1071 1146 μεταβαλών
1087 1061 1143 1146 τὴν
1157 1067 1218 1128 τῶν
1235 1057 1365 1126 δικτύων

267 1167 430 1250 έπέβουλον
444 1161 550 1251 θύραν
564 1164 754 1254 άνασοβήσῃ.
782 1167 830 1234 διδ
844 1169 895 1232 καλ
915 1167 946 1242 ές
960 1165 995 1230 τό
1012 1160 1269 1252 παραβολώτερον
1282 1169 1365 1246 μᾶλ-

265 1274 320 1334 λον
333 1269 448 1334 ἐκεῖθεν
454 1267 517 1346 ,τόν
534 1267 608 1350 ἐμόν
622 1272 674 1334 καλ
688 1267 781 1344 αὐτός
801 1267 1002 1352 άνεχάλκευον
1016 1264 1150 1354 τρόπον,
1174 1267 1224 1332 καλ
1241 1265 1365 1352 άφειδέ-

266 1395 374 1458 στερον
394 1369 455 1455 ἥδη
478 1380 543 1446 τοῖς
560 1371 638 1451 πρός
658 1371 753 1438 αὐτόν
777 1372 908 1456 ἐλέγχοις
927 1368 1088 1456 έχρεύμην,
1113 1374 1200 1434 δυοῖν
1214 1371 1316 1434 ἕνεκα·
1342 1365 1410 1454 ἢλο

265 1473 325 1560 γάρ
353 1463 537 1540 αἰδεσθέντα
558 1471 686 1540 παύσειν
713 1474 749 1541 τό
779 1480 835 1540 τού
862 1471 943 1540 κατδ
965 1480 1021 1566 τῆς
1046 1474 1205 1557 έκκλησέας
1230 1473 1365 1554 πολέμου

265 1579 367 1660 βέαιον
374 1626 386 1658 ,
412 1574 524 1660 ἢκάμέ
536 1583 592 1642 τοῦ
609 1579 780 1657 Βυζαντίου
793 1573 922 1661 τάχιστα
945 1587 1040 1643 ποιεῖν
1054 1573 1249 1662 ἠναγκάσθαι
1266 1571 1366 1662 έξόρι-

237 1684 352 1746 Ιλστον.
378 1680 458 1764 μηδέ
482 1678 540 1765 γάρ
561 1678 685 1746 ἀνεκτὸν
705 1677 784 1744 elva!
799 1706 871 1764 μοι,
901 1679 956 1764 τὴν
971 1686 1033 1744 τῶν
1047 1676 1209 1763 δογμάτων
1223 1703 1364 1744 καινοτο-

264 1783 340 1866 μέαν
354 1781 532 1868 ὀφθαλμοῖς
545 1778 621 1874 όρᾷν
635 1781 768 1866 εὐσεβεῖν
783 1783 982 1870 αἱρουμένοις.
1007 1781 1080 1846 ἀλλ’
1096 1775 1135 1866 ἦν
1149 1780 1210 1868 άρα
1225 1781 1264 1846 τά
1277 1777 1364 1866 λεγό-

264 1911 343 1968 μενα
356 1882 489 1967 μάταιος
502 1884 608 1968 ύχλος,
631 1888 683 1950 καὶ
697 1883 825 1952 ἐπόνουν
848 1882 992 1970 ἀνήνυτα.
1019 1883 1089 1950 urire
1102 1885 1160 1971 γάρ
1176 1882 1248 1950 οὐδέ
1260 1883 1364 1968 βραχύ
1373 1899 1409 1955 15
1517 1903 1518 1980 ᾗ

264 1994 321 2070 τῆς
334 1988 511 2072 προθέσεως
524 1988 636 2070 luetone
647 1989 758 2064 έκεῖνος
773 1990 912 2054 ένδοῦναι
929 1983 1119 2075 προῄρηται·
1145 1984 1293 2070 αἶσχύννγν
1305 1987 1365 2072 γάρ

264 2087 397 2173 ἐνόμιζεν
418 2087 497 2155 εἶναί
514 2089 544 2154 oi
566 2089 622 2174 τὴν
645 2097 702 2156 τοῦ
717 2088 834 2178 τρόπον
853 2088 1040 2174 μετάθεσιν,
1064 2092 1115 2154 καλ
1130 2089 1187 2174 τὴν
1203 2096 1258 2173 τῆς
1272 2087 1367 2174 δόξης
1517 2131 1518 2138 1

166 2191 457 2275 Ἠθομεταβολὴν,
480 2183 501 2278 ᾖ
521 2191 578 2275 τὴν
597 2193 685 2276 ἰσχδν
706 2193 801 2270 αύτδς
821 2195 852 2271 ἐξ
872 2194 970 2278 ἀρχῆς
983 2189 1190 2284 χαρισάμενος
1211 2197 1267 2276 τῆς
1290 2190 1366 2276 ὅλης
1455 2183 1458 2190 ’
1517 2173 1518 2196 ¹

262 2292 398 2377 μάλιστα
422 2291 546 2362 πάντων
566 2294 666 2372 έδοξιν
690 2292 867 2372 όποθέσεως
888 2297 1002 2372 αἴτιος·
1032 2295 1101 2362 οὔτ’
1125 2297 1196 2378 έμοέ
1214 2320 1244 2360 τι
1264 2293 1365 2360 δεινόν

231 2394 401 2483 Εέπάγειν,
428 2393 509 2462 πάνυ
533 2422 581 2464 τοι
600 2401 797 2484 λοιδοροῦντέ
814 2391 913 2465 τεκαὶ
932 2395 1126 2483 χλευάζοντι,
1150 2395 1220 2464 αὕτ’
1238 2396 1408 2470 οἷ’κοθενξο

264 2500 358 2576 αύτδς
368 2495 580 2582 βεβούλευται,
598 2499 667 2567 ούτε
682 2499 906 2578 ’ξυνωθούντων
919 2501 1020 2568 ἄλλων
1033 2498 1259 2587 παρενήνεκται.
1287 2499 1362 2565 ἀλλ’

261 2596 301 2688 ἦν
316 2602 377 2670 dub
392 2609 448 2668 τού
462 2603 531 2668 ἴσον
543 2629 597 2686 μοι
611 2602 831 2690 διαλεγόμενος,
854 2605 933 2689 μετά
947 2611 1002 2689 τῆς
1018 2601 1175 2688 συνήθους
1189 2600 1365 2690 πραότητος

263 2707 326 2788 άελ,
351 2703 454 2793 ὥσπερ
476 2705 506 2772 ui
524 2705 568 2790 μὴ
585 2704 748 2790 δυνάμενοι
766 2709 840 2784 τοδς
856 2711 1011 2783 ἐναντίους
1023 2705 1212 2790 ἀμύνεσθαι·
1240 2705 1296 2790 τὴν
1308 2709 1364 2789 μέ-

262 2833 366 2894 μησιν,
381 2805 477 2891 οἶμαι,
494 2809 572 2896 πρός
584 2809 744 2897 Ἀδριανδν
762 2808 914 2895 εὐστόχως
928 2806 1050 2896 ἀνάγων
1066 2809 1121 2876 τόν
1134 2805 1361 2900 αὐτοκράτορα,

262 3041 301 3095 λοι
318 3038 420 3094 minime
437 3037 533 3104 velint3
556 3057 587 3094 ae
605 3038 682 3094 iidem
701 3043 760 3112 post
773 3040 852 3096 vitem
871 3042 905 3096 ad
920 3039 1123 3095 intolerabiliora
1140 3046 1168 3094 et
1184 3039 1364 3110 desperatione

263 3109 330 3164 mala
343 3107 500 3180 appellunt.”
537 3106 612 3178 (Vl.)
630 3111 777 3164 Novissime
789 3117 816 3165 et
832 3111 986 3164 eonuariam
998 3111 1134 3163 factionem
1144 3127 1177 3162 ex
1191 3111 1272 3162 altera
1286 3117 1363 3178 purte

263 3181 362 3233 instare
378 3177 506 3242 intellexi,
525 3180 717 3250 clanculumque
730 3189 757 3233 et
770 3181 853 3250 palam
868 3198 925 3234 eum
938 3180 1074 3250 instigare,
1091 3187 1121 3231 ut
1134 3193 1174 3232 rne
1186 3178 1262 3232 exibo
1274 3177 1362 3232 entim

262 3249 404 3302 mulctaret.
440 3247 601 3300 Verebantur
616 3249 726 3368 quippe,
744 3246 774 3302 rit
787 3251 893 3320 opinor,
910 3266 942 3302 ne
956 3249 1007 3301 zeli
1020 3247 1089 3302 illius
1101 3247 1182 3300 noent
1196 3247 1272 3316 igne,
1290 3247 1363 3300 velut

263 3318 368 3378 ferrum,
379 3315 479 3370 taudem
495 3316 631 3386 aliquando
644 3333 684 3369 mo
694 3317 763 3381 litus,
778 3319 929 3388 propensior
941 3317 975 3369 ud
988 3316 1140 3370 eredendum
1154 3315 1216 3370 milri
1228 3316 1362 3380 existeret,

263 3391 382 3436 ettotam
395 3385 542 3454 laqueorum
557 3385 656 3438 illorum
675 3385 790 3439 fraudem
804 3393 915 3441 mutatus
930 3386 1053 3438 eluderet.
1088 3385 1190 3438 idcirco
1204 3392 1231 3436 et
1244 3385 1303 3467 ipse
1315 3402 1362 3438 ex·

262 3452 323 3504 inde
334 3469 413 3504 meum
426 3453 520 3520 egendi
533 3454 656 3507 rationem
670 3454 697 3506 in
711 3455 890 3524 proiectiorem
903 3455 1036 3508 audaciam
1050 3454 1132 3518 verti,
1150 3463 1178 3506 et
1190 3455 1296 3506 liberrue
1311 3455 1361 3506 ium

261 3521 345 3591 ipsum
358 3521 432 3589 coepi
448 3537 568 3606 urguere,
581 3523 680 3576 duabus
694 3523 727 3575 de
741 3523 833 3576 causis.
868 3523 973 3594 Quippe
987 3530 1031 3576 aut
1041 3523 1110 3576 illum
1124 3523 1221 3592 pudore
1241 3523 1361 3575 effectum

177 3655 180 3660 Ι
260 3589 321 3642 belli
341 3589 463 3642 eeclesiae
477 3592 543 3643 rlletr
559 3591 706 3644 violentiam
725 3607 915 3662 repressumm3
933 3601 978 3644 aut
992 3601 1064 3646 eerte
1079 3599 1194 3646 coactum
1210 3591 1244 3643 iri
1258 3593 1362 3660 Byzan-

260 3657 298 3710 tio
312 3657 492 3740 quamprimum
506 3660 581 3713 etiam
597 3678 636 3712 me
653 3661 800 3729 expellere:
818 3679 865 3716 nee
880 3661 946 3713 enim
959 3659 1093 3715 tolerabile
1109 3661 1171 3712 mihi
1186 3678 1243 3712 esse
1258 3661 1361 3730 opinio-

261 3743 320 3779 num
339 3735 465 3780 novitates
477 3730 573 3782 intueri
587 3729 667 3782 oeulis
683 3729 816 3798 religiosis.
850 3729 903 3784 Sed
919 3737 993 3783 erunt
1010 3747 1056 3794 eu,
1075 3746 1141 3799 quae
1156 3729 1287 3792 dicebam,
1305 3731 1363 3781 ina-

260 3797 302 3850 uis
317 3795 441 3860 moleetia‚
459 3803 486 3851 et
498 3799 595 3850 trustra
609 3799 762 3852 laborabam.
798 3799 866 3852 Nam
881 3817 963 3869 neque
976 3799 1021 3852 ille
1033 3799 1076 3851 vel
1090 3798 1216 3850 minimum
1230 3797 1362 3851 remittere

259 3864 294 3918 ds
304 3881 350 3917 suo
364 3864 407 3918 illo
422 3867 553 3935 proposito
566 3867 671 3930 etetuit3
689 3875 766 3938 turpe
783 3869 906 3938 siquidem
927 3885 984 3921 esse
999 3869 1125 3932 ducebat,
1142 3875 1242 3919 mutare
1255 3867 1362 3920 institu-

259 3941 329 3997 tum,
347 3943 375 3986 et
391 3951 422 3986 ea
437 3937 555 4006 opinione
570 3936 705 4000 desistere,
722 3955 774 4007 qua
787 3940 845 4006 ipss
860 3938 892 3991 ab
906 3936 979 3989 initio
991 3937 1148 3998 confirmata,
1167 3937 1247 3988 totius
1258 3943 1363 3988 contro-

258 4004 360 4057 versiae
372 4019 437 4056 unus
450 4005 558 4058 emnium
571 4005 678 4058 maxime
691 4015 780 4061 ructor
792 4007 922 4062 exstitisse
930 4006 1074 4067 videretur3
1093 4023 1175 4088 neque
1188 4005 1265 4058 etiam
1278 4005 1305 4056 in
1313 4019 1362 4068 me,

258 4075 338 4126 multa
354 4075 548 4142 exprobrantem
567 4074 782 4144 stridentemque,
800 4085 846 4130 aut
860 4075 981 4158 privatim
995 4074 1053 4143 ipse
1070 4091 1175 4142 grevrus
1196 4073 1363 4127 animadver-

258 4141 459 4208 resederant,
477 4151 524 4196 aut
539 4143 596 4196 eliis
608 4143 796 4213 impellentibus
809 4155 899 4208 eeasn3
921 4143 967 4196 sed
979 4160 1061 4212 usquo
1074 4149 1101 4196 et
1116 4143 1173 4213 pari
1190 4159 1286 4196 meeum
1304 4141 1361 4196 iure

259 4227 341 4282 usque
354 4211 486 4282 disputare
509 4213 637 4283 perrexit,
654 4211 731 4266 solita
745 4215 867 4278 lenitate,
884 4219 915 4266 ut
927 4213 954 4277 ii,
970 4213 1014 4294 qui
1030 4211 1192 4265 adversarios
1207 4211 1297 4264 uleieei
1310 4228 1361 4264 nun

241 4287 383 4351 ·pomuut;
400 4281 558 4338 Hadrianum
573 4282 751 4354 inperatorem
767 4285 896 4348 feliciter,
913 4289 942 4336 ut
957 4281 1018 4336 mibi
1033 4281 1149 4346 videtur,
1166 4281 1296 4346 imitatus,
1315 4279 1360 4351 qui
