3064 4828
279 315 354 390 778
579 323 812 394 NICEPHORI
836 321 1077 394 GREGORAE

118 505 147 558 Α.
159 503 193 557 ll.
206 485 353 568 6855νους
360 537 371 572 ,
398 485 450 554 καί
464 485 509 572 μὴ
526 485 693 576 περαιτίρω
705 493 881 572 θεομαχεῖν,
905 487 955 554 καί
972 492 1051 554 θεοῖ
1064 485 1163 574 κρίσιν
1176 485 1297 554 δικαίαν
1312 512 1379 554 πει-

150 577 202 628 ῙΜ·
214 575 273 696 151)
283 599 402 681 ράσθοι
414 601 551 678 συγχεῖν,
576 593 627 658 καλ
642 601 707 667 τοῖς
721 591 885 668 ἀδυνάτοις
901 587 1015 658 οδτωσδ
1030 587 1192 678 προδήλως
1210 591 1378 676 ἐπιχειρεῖν,

281 696 332 762 ἐπ’
352 694 474 783 δλίθρῳ
493 700 556 760 τῶν
572 719 605 760 τε
624 696 743 762 παίδων
762 697 813 760 καλ
834 692 955 778 ἑαυτῆς.
983 693 1042 780 ἐγώ
1056 693 1115 781 γάρ
1128 700 1184 777 τῆς
1197 693 1295 778 αδτῖγς
1308 692 1380 776 ἴχα-

280 826 338 885 μοι
358 795 481 884 γνώμης
503 797 565 862 ἀεί·
593 799 644 863 καλ
669 795 838 881 δυνάμενος
859 795 963 873 ὅπλοις
979 798 1030 864 καί
1053 793 1218 880 δυνάμεσιν
1240 793 1318 879 δμοῦ
1339 799 1380 880 τῇ

279 899 440 989 ἀκροπόλει
461 895 674 988 χειρώσασθαι
693 901 767 978 τούς
791 899 879 968 ἔνδον
901 899 1040 976 ἅπαντας
1062 898 1094 964 ἓν
1116 906 1230 986 βραχεῖ
1247 896 1304 982 τὴν
1320 899 1403 970 θί-5

280 1011 368 1090 λησιν
382 1003 437 1072 ούκ
451 1002 510 1086 ἔχω
526 1001 754 1093 συνᾴδουσαν.”
790 1002 861 1092 (Θ.)
882 1002 985 1069 Ταῦτ’
1000 1001 1092 1069 εἰπών
1111 1001 1306 1090 προύπεμπεν
1321 999 1381 1066 αύ-
1500 1005 1503 1020 '

248 1105 363 1185 Ετούς.
390 1106 420 1174 οῖ
443 1107 477 1173 δέ
499 1105 686 1183 ἀπελθόντες
706 1109 756 1172 καλ
776 1105 878 1173 πάντα
896 1105 1087 1194 συνείροντίς
1106 1130 1139 1172 τε
1161 1107 1212 1171 καὶ
1237 1104 1381 1189 ἀπαγγεί-

279 1217 387 1288 λαντες
408 1209 530 1276 ἀνωθεν
562 1212 613 1275 καί
641 1211 673 1288 ἐξ
695 1209 791 1297 ἀρχῆς
807 1208 900 1296 Ἄννῃ
923 1215 962 1296 τῇ
986 1209 1122 1291 βασιλίδι
1149 1207 1267 1293 ἤνυσαν
1291 1205 1381 1273 οάδὲν

278 1312 387 1393 πλίον,
409 1309 581 1398 ἢότιπρδς
603 1315 728 1378 πλείονα
749 1314 859 1378 κακίαν
882 1312 1131 1399 ἀναφλεχθεῖσαν
1153 1307 1270 1386 ἰδόντες
1289 1334 1381 1376 κατε-

278 1411 439 1500 πλάγησάν
454 1439 487 1480 τε
503 1418 554 1480 καλ
569 1413 775 1503 ἀνεχώρησαν.
804 1416 866 1481 luel
885 1415 919 1480 δὲ
932 1413 1034 1480 ταῦθ’
1053 1410 1070 1480 δ
1088 1414 1233 1497 βασιλεδς
1245 1409 1380 1499 ἠκηκόει,
1390 1425 1426 1482 10

278 1520 330 1582 καλ
344 1514 385 1594 ιδς
400 1523 456 1600 τῆς
472 1515 569 1601 αὐτῆς
582 1517 627 1583 ἀελ
641 1515 848 1604 σκληρότητος
862 1515 882 1602 ἦ
895 1520 1018 1600 βασιλὶς
1031 1515 1129 1600 ἔχεται
1143 1517 1219 1602 ἴγνω
1225 1565 1236 1597 ,
1258 1517 1309 1580 καῖ
1322 1514 1382 1598 τὴν

278 1619 375 1704 αὐτὴν
399 1619 430 1686 οδ
442 1615 558 1704 ταύτης
572 1617 655 1706 λόγοι
672 1620 751 1704 μετά
767 1627 823 1706 τῆς
835 1617 959 1706 γνώμης
972 1627 1100 1708 τηροῦσι
1119 1615 1302 1706 βαρύτητα,
1328 1618 1382 1683 καί

185 1721 374 1792 vuenti&
394 1729 457 1790 τῶν
478 1723 635 1810 προτίρων
656 1722 861 1808 ἀτυχημάτων
879 1724 1028 1810 παρέσχεν
1046 1723 1125 1810 αὐτῇ
1148 1722 1184 1790 τδ
1202 1725 1382 1788 λυσιτελοῦν

251 1825 425 1903 θάπλανώς
439 1830 512 1894 ἰδεῖν
519 1875 530 1907 ,
555 1825 679 1914 ὥρμησε
693 1827 751 1911 μίν
766 1827 806 1894 τά
820 1834 928 1908 πρῶτα
941 1827 1077 1909 πολίμου
1092 1823 1177 1915 νόμῳ
1190 1827 1240 1892 καί
1252 1830 1382 1910 πολιορ-

278 1931 330 2019 κίηι
347 1931 455 1994 δοῦναι
477 1928 534 2014 τὴν
557 1937 613 1998 τοῦ
636 1928 817 2016 πράγματος
837 1930 978 2011 ύκβασιν·
1012 1927 1114 1996 ῖπειτο
1136 1928 1258 2012 ίπίσχεν
1272 1920 1378 2006 αὖθις,
1389 1943 1428 1998 15

281 2033 333 2096 καὶ
352 2030 430 2114 πρὸς
448 2031 505 2114 τὴν
528 2030 673 2113 ἀμείνονα
693 2039 750 2116 τῆς
771 2029 946 2116 πραότητος
963 2023 1065 2117 Ιτύχην
1087 2031 1123 2098 τό
1147 2038 1209 2097 τῶν
1221 2029 1382 2117 πρακτίων

282 2131 440 2198 ἀνετίθετο
453 2129 620 2216 βούλευμα.
659 2134 717 2224 (ί.)
737 2134 823 2200 Ἀλλ’
844 2134 900 2201 οὐκ
914 2133 1021 2223 ἤρεσκε
1034 2141 1126 2202 τοῦτο
1139 2144 1204 2210 τοῖς
1219 2132 1303 2221 ἀμφ’
1320 2129 1380 2198 αύ-

281 2235 337 2300 τδν
354 2232 558 2317 στρατιώταις
578 2239 629 2302 καλ
654 2247 846 2323 στρατηγοῖς.
871 2235 947 2304 ὅθεν
971 2243 1028 2323 τῆς
1053 2233 1218 2325 δστεραίας
1235 2231 1382 2320 ἀπιούσης

281 2338 313 2403 ἓν
331 2335 524 2426 παραβύστῳ
549 2339 629 2404 κατά
659 2345 741 2427 σφᾶς
766 2339 880 2417 αὐτούς
903 2339 994 2406 αότολ
1018 2347 1176 2408 ποιοῦνται
1206 2335 1378 2424 συνθήκας,

60 2437 63 2446 ’
182 2450 272 2512 Ρ.489
282 2441 437 2528 αἰφνίδιον
451 2441 617 2508 ίπιθίσθαι
632 2449 671 2528 τῇ
686 2440 866 2530 ἀκροπόλει,
895 2445 967 2529 πρίν
985 2444 1156 2510 αίσθίσθαι
1170 2441 1224 2508 τόν
1236 2441 1377 2526 βασιλίοι.
1387 2457 1427 2512 m
1513 2436 1514 2524 l

279 2545 330 2608 καί
347 2543 386 2628 δὴ
405 2542 514 2629 μικρὸν
537 2541 665 2631 ὕστερον
682 2543 702 2630 ἢ
718 2545 797 2610 κατά
811 2549 1006 2633 μεσημβρίας
1021 2543 1095 2612 εἶναι
1112 2545 1166 2614 τδν
1182 2543 1286 2632 ἣλιον,
1314 2549 1381 2610 τών
1513 2529 1514 2574 ³

278 2647 411 2730 σημείων
434 2645 613 2731 ἀρθίντων,
642 2644 743 2738 κύκλῳ
773 2646 968 2735 περιστάντες
988 2649 1020 2716 οῖ
1045 2650 1102 2732 μίν
1124 2658 1189 2725 τοῖς
1219 2643 1381 2732 ἑκηβόλοις
1513 2725 1514 2728 ρ

278 2748 411 2836 ἐχρῶντο
425 2736 564 2831 βέλεσιν·
593 2749 624 2816 οῖ
638 2750 670 2815 δ’
688 2751 721 2818 ἓν
732 2761 837 2837 χεροῖν
850 2751 1059 2837 ἀνειλημμένοι
1072 2758 1133 2836 πῦρ
1147 2753 1197 2818 καῖ
1213 2747 1395 2838 φρυγάνων
1513 2795 1514 2806 ι

277 2851 448 2937 φακίλλους
476 2848 609 2939 ύῳῆψαν
637 2852 696 2940 τὴν
722 2853 801 2941 πρὸς
823 2861 868 2948 τῷ
888 2855 1001 2940 τεμίνει
1024 2861 1087 2923 τῶν
1107 2859 1293 2943 Βλαχερνυῖν
1319 2858 1381 2936 τῆς

343 3015 369 3070 8.
383 3009 467 3087 'Aren
483 3031 531 3069 em.
548 3016 624 3072 Bois.
642 3033 693 3090 pre
709 3011 778 3089 ἀμα.

274 3150 368 3207 iustum
382 3151 432 3206 Dei
444 3152 565 3208 iudicium
579 3155 735 3210 confundere
746 3161 863 3222 conetur,
879 3173 929 3210 nen
943 3155 1056 3228 denique
1067 3173 1113 3222 ea,
1131 3171 1197 3226 quse
1209 3153 1305 3210 maiora
1315 3161 1379 3207 snut

273 3235 348 3288 quam
366 3229 395 3274 ut
409 3223 499 3291 perfici
513 3223 627 3291 possint,
644 3225 672 3277 in
685 3225 823 3279 liberorum
834 3231 862 3279 et
872 3227 911 3278 sui
923 3227 1006 3295 ipsius
1021 3225 1158 3310 perniciem
1172 3226 1213 3279 sic
1228 3225 1310 3294 palam
1326 3237 1376 3304 ag-

275 3289 417 3370 prediatur.
435 3291 494 3360 Ego
507 3291 573 3343 enirn
585 3291 611 3343 in
626 3293 713 3346 eadem
725 3311 808 3364 usque
822 3303 909 3363 persto
923 3301 1066 3358 senteut1e3
1082 3302 1177 3348 etcum
1190 3295 1283 3362 possim
1297 3305 1378 3342 armis

277 3371 310 3406 ac
321 3357 419 3409 vsrsbue
430 3359 503 3412 brevi
517 3367 569 3411 tam
581 3361 657 3422 arcia,
672 3379 747 3430 quam
759 3379 845 3416 eorum
858 3364 975 3427 omnium,
1005 3363 1031 3414 ui
1042 3363 1068 3416 in
1082 3380 1142 3416 erce
1155 3366 1223 3422 sunt,
1236 3359 1324 3430 potiri,
1333 3365 1377 3410 n-

274 3439 332 3476 men
345 3425 478 3478 voluntate
489 3427 522 3480 ab
537 3443 567 3478 eo
580 3429 686 3480 consilio
699 3430 853 3483 abhorrec.”
884 3431 960 3498 (lx.)
1016 3447 1046 3482 ec
1057 3430 1126 3484 latus
1136 3445 1180 3482 eos
1193 3427 1306 3481 dimittit.
1331 3425 1376 3480 Illi

274 3491 386 3574 abeunte
405 3495 488 3548 omnia
500 3495 527 3546 in
542 3510 620 3548 unum
640 3498 789 3562 censerunt,
807 3505 835 3550 et
855 3499 970 3568 ecapite
986 3515 1068 3582 neque
1086 3499 1198 3568 repetita
1215 3495 1377 3567 imperatrici

273 3568 437 3614 renunciante
455 3563 519 3616 nibil
533 3569 617 3616 autam
634 3566 787 3634 proliciunt3
804 3567 849 3620 eed
864 3567 909 3620 ubi
922 3583 976 3620 cem
989 3567 1079 3620 maiori
1094 3567 1183 3620 furore
1194 3565 1376 3620 indamnatam

272 3626 375 3712 vident·
389 3631 504 3712 perculsi
518 3631 649 3689 recedunt.
685 3633 763 3697 Quod
777 3643 912 3704 postquem
922 3635 1061 3706 imperetur
1073 3636 1184 3705 aceepit,
1196 3643 1223 3688 et
1233 3637 1376 3703 Augustam

269 3695 301 3748 in
318 3696 415 3751 duritie
435 3699 484 3754 sibi
500 3703 632 3765 ιιοαιλιιιο,
648 3702 805 3772 eundemque
819 3713 869 3757 tam
887 3704 914 3756 in
927 3704 1003 3756 dietia
1017 3721 1092 3773 quam
1107 3704 1133 3756 in
1149 3703 1231 3758 enimn
1245 3701 1374 3756 acerbita-

270 3765 448 3847 temretinere
460 3767 566 3832 didicit,
584 3785 666 3839 neque
679 3771 730 3824 ulla
743 3771 856 3840 priorum
869 3773 978 3826 cladium
987 3771 1107 3826 effectam
1121 3791 1194 3836 cese,
1211 3776 1241 3824 ut
1253 3771 1315 3840 quid
1326 3786 1374 3823 ex·-

272 3833 376 3916 peduret
395 3841 468 3890 certo
488 3837 662 3906 perspiceret3
678 3839 764 3893 statim
779 3841 880 3910 quidem
898 3840 936 3894 rei
957 3847 1073 3894 eventum
1093 3841 1153 3895 belli
1171 3839 1271 3910 legibus
1285 3847 1314 3893 et
1326 3839 1375 3894 nb-

271 3903 365 3956 sndscui
378 3905 524 3974 permittere
536 3907 633 3972 voluit3
650 3925 709 3962 mox
722 3927 752 3962 ee
761 3909 855 3964 iterum
867 3911 1002 3974 continuit,
1016 3917 1044 3962 et
1055 3909 1211 3964 felicioribus
1223 3907 1376 3964 clementise

271 3971 385 4026 consiliis
398 3975 459 4044 quid
475 3989 553 4044 egere
567 3991 583 4028 ο
618 3983 700 4032 rteset
709 3978 869 4032 statuendum
881 3979 994 4049 reliquit.
1029 3979 1091 4046 (Χ.)
1109 3979 1140 4032 ld
1152 3977 1194 4046 iis,
1208 3993 1272 4048 quos
1285 3991 1374 4030 aecum

153 4069 156 4076 ·
269 4037 389 4108 babebat,
402 4043 524 4098 militibus
536 4049 564 4096 et
576 3993 685 4099 δώοίδοι
697 4063 747 4100 non
760 4048 866 4118 placuit
900 4047 1010 4100 Postera
1022 4047 1102 4118 igitur
1113 4048 1157 4101 die
1170 4045 1311 4103 clennnlum
1321 4045 1374 4115 ipsi

269 4105 379 4164 lutense
392 4114 549 4168 arcendae
585 4121 629 4167 nte
644 4115 754 4181 adoriri,
772 4125 908 4187 antequam
920 4116 954 4168 im
973 4123 1059 4170 arator
1071 4117 1181 4181 sentiat,
1197 4116 1373 4170 constituunt:

270 4187 302 4226 sc
317 4179 392 4244 peulo
408 4189 471 4299 poet
485 4181 548 4236 meri
566 4183 615 4235 iem
634 4184 743 4236 subinde
763 4185 846 4253 siguis
860 4185 954 4237 circum
983 4184 1007 4236 si
1023 4185 1069 4238 alii
1087 4185 1146 4238 telis
1163 4183 1300 4238 missilibus
1316 4199 1372 4236 rem

269 4257 286 4293 a
321 4253 365 4308 αις
383 4249 524 4316 aliignem
537 4251 651 4304 menibus
664 4253 862 4320 praetendentes
874 4257 902 4306 et
914 4252 1082 4322 virgultorum
1099 4251 1236 4306 iucimles
1252 4265 1309 4304 eam
1326 4267 1373 4303 ar-

321 4319 420 4385 portam
433 4317 604 4384 succendunt,
622 4335 688 4390 quae
702 4321 736 4374 ad
748 4321 949 4377 blachernarum
963 4321 1084 4392 templum
1099 4327 1215 4394 τραπείς
1232 4319 1373 4390 statimque
